3622 5708
893 629 1054 694 -58-

390 761 429 823 ad
458 759 616 825 Laertium
643 763 734 826 linxit
760 763 813 828 illa
841 767 921 830 mira
949 765 1158 848 Xenophanis'
1178 765 1267 846 quasi
1300 765 1444 838 antinno·
1473 764 1558 829 Solio

390 867 509 948 primus
527 877 676 934 statuerat
695 871 779 936 hunc
800 873 867 936 siue
886 874 1053 955 magistris,
1072 873 1140 937 sine
1158 872 1318 955 discipuhs
1337 873 1559 955 philosophan-

390 979 452 1037 tem
467 976 614 1057 utrinque
628 980 775 1062 ἀδιάδοχον
790 979 895 1044 luisse.

429 1081 509 1156 Quid
528 1084 553 1146 si
569 1085 676 1148 eadem
695 1087 734 1149 de
749 1087 904 1150 Heraclito
920 1089 1132 1153 demonstrare
1147 1087 1287 1169 pessimi
1302 1093 1333 1152 at
1346 1087 1559 1152 demonstrare

390 1206 529 1269 nequem
545 1191 699 1272 conjicere
713 1189 822 1258 saltem
836 1194 955 1258 licebit.

430 1406 460 1470 9.
476 1407 512 1470 D.
529 1409 562 1470 b.
579 1408 630 1488 lx,
645 1412 676 1474 5.
693 1444 734 1456 -
747 1408 871 1475 Ἥκσνσε
895 1411 924 1474 τ’
946 1414 1056 1488 οὐδενός
1080 1411 1267 1492 HeracliltIS,
1289 1412 1363 1476 ἀλλ’
1381 1415 1483 1476 ἑωυτὸν
1507 1414 1558 1494 ἔφη

391 1515 551 1591 διζήσασθαι
571 1517 618 1578 καὶ
634 1522 732 1597 μαθεῖν
747 1523 839 1582 πάντα
857 1520 927 1602 παρ’
941 1523 1043 1583 ἑωυτοῦ
1058 1520 1108 1601 (¹).
1129 1523 1244 1584 Σωτίων
1264 1523 1295 1584 δέ
1314 1543 1395 1603 φησιν
1418 1521 1558 1603 εἰρηκέναι

389 1624 466 1698 τινὰς
480 1622 656 1706 Ξενοφάνους
670 1627 749 1689 αὐτὸν
766 1628 937 1706 dannatum.

429 1730 591 1796 Sotionem
606 1734 671 1798 haec
686 1734 749 1798 lere
765 1734 880 1799 dixisse
893 1735 1056 1817 suspicor:
1077 1735 1177 1800 «Sunt
1186 1735 1241 1816 qui
1249 1753 1322 1800 eum
1332 1735 1558 1816 Xenophanem

391 1839 525 1904 audiisse
548 1849 697 1923 asserant,
718 1843 963 1925 laiso,'uamque
982 1852 1013 1908 et
1027 1844 1092 1926 ipse
1106 1859 1173 1908 sese
1188 1847 1384 1909 αὐτοδίδακτον
1404 1844 1559 1926 protessus

391 1952 448 2009 esi.
465 1971 476 2004 n

432 2055 486 2118 His
501 2054 648 2120 videlicet
667 2059 833 2140 Sotioneis,
854 2061 1006 2125 mediocri
1022 2060 1206 2142 interposito
1222 2059 1399 2136 intervallo,
1428 2057 1561 2123 testimo-

391 2161 480 2225 nium
494 2165 696 2248 subjungitur
709 2170 747 2233 de
761 2177 843 2233 secta
863 2169 1050 2244 Heraclitea,
1071 2170 1167 2251 quod,
1187 2168 1361 2233 Aristotelis
1382 2168 1559 2234 auctoritati

392 2277 650 2355 consentaneum,
672 2275 774 2340 forsan
797 2283 827 2339 et
848 2295 885 2341 ev
900 2277 1071 2341 Aristotelis
1094 2277 1309 2359 Metaphysicis
1329 2279 1560 2358 depromptum,

390 2378 568 2444 Antistheni
589 2382 818 2448 vindicavimus
840 2391 882 2463 (v.
898 2403 991 2468 supra
1010 2405 1041 2468 p.
1061 2387 1178 2467 tlt-lt),
1199 2385 1438 2465 notavimusque
1458 2384 1560 2448 Antis-

393 2487 475 2549 theni
492 2487 524 2551 in
539 2504 575 2552 ea
591 2507 624 2553 re
639 2491 799 2556 Laertium
818 2510 882 2556 non
902 2494 1085 2558 obsecutum
1105 2510 1183 2571 esse,
1200 2510 1297 2574 quum
1314 2493 1455 2557 Laertius
1470 2494 1561 2555 Hera-

392 2594 500 2658 clitum
527 2601 667 2681 σποράδην
692 2600 844 2663 exstitisse
869 2602 1048 2665 conlendat.
1082 2601 1115 2664 lu
1144 2601 1361 2665 constituenda
1386 2601 1456 2665 hac·
1472 2601 1561 2680 quasi

392 2700 616 2768 interclusione
631 2723 701 2786 quae
715 2707 973 2788 philosophorum
984 2725 1155 2788 graecorum
1169 2708 1282 2772 seriem
1296 2706 1452 2787 dissolvit,
1467 2723 1561 2788 quem

391 2810 502 2875 habuit
521 2813 662 2878 Laertius
682 2821 863 2879 auctorem?
884 2817 974 2880 Certo
997 2833 1061 2879 non
1084 2816 1315 2879 antisthenem.
1334 2815 1561 2880 Sosioratemne

392 2935 430 2981 an
446 2918 681 2986 Alexandrum?
691 2939 729 2986 an
743 2923 974 3004 Hippobotumi
985 2923 1124 2998 Quorum
1136 2925 1278 3004 quemvis
1291 2923 1408 3006 opinati
1425 2922 1560 3003 gratuito

392 3027 601 3109 opinabimur.
619 3030 700 3096 Malo
721 3031 868 3112 equidem
892 3034 1018 3095 credere
1038 3032 1165 3096 Sotione
1187 3033 1265 3097 duce
1286 3031 1446 3096 Laenium
1469 3019 1560 3094 usum

392 3154 469 3216 esse,
486 3138 601 3220 quippe
616 3139 668 3221 qui
686 3157 749 3204 non
765 3139 975 3206 mediocribus
987 3142 1083 3204 fretus
1095 3140 1220 3205 indiciis
1231 3141 1269 3206 ad
1281 3142 1362 3206 hanc
1377 3139 1560 3222 opinionem

392 3247 539 3311 adducar.

432 3463 463 3527 Si
478 3463 556 3528 mihi
569 3465 743 3529 concedant
754 3464 851 3528 critici
864 3482 879 3528 a
893 3464 1019 3528 Sotione
1032 3465 1218 3544 excogitatos
1226 3464 1321 3529 luisse
1333 3468 1397 3541 τοὺς
1408 3467 1559 3549 σποράδην,

392 3572 566 3635 concedent
590 3571 695 3644 etiam,
717 3573 800 3652 quod
820 3571 893 3636 iude
913 3572 1064 3636 continuo
1081 3557 1288 3648 efficitur,'ab
1308 3573 1418 3636 eadem
1441 3573 1562 3652 origine

392 3679 556 3742 deductam
578 3695 643 3742 esse
663 3695 787 3742 ornnem
809 3682 943 3762 διαδοχήν
959 3678 1031 3741 libri
1046 3679 1086 3743 lx
1104 3677 1274 3758 Laertiani,
1295 3695 1353 3742 nec
1375 3695 1440 3742 noo
1459 3678 1562 3743 locum

391 3785 527 3867 Epicuro
553 3793 621 3868 post
643 3787 837 3867 Pyrrhoneos
858 3787 1059 3866 assignatum,
1086 3786 1159 3865 quia
1185 3785 1305 3849 scilicet
1328 3787 1482 3867 Epicurus
1507 3803 1563 3867 per

392 3895 615 3975 Democriteus,
631 3895 703 3959 satis
719 3896 866 3960 obscuros
881 3895 1037 3972 homines,
1053 3893 1242 3973 Democrito,
1264 3894 1347 3958 haud
1363 3895 1454 3959 aliter
1469 3901 1562 3974 atque

393 4003 575 4083 Pyrrhonei,
601 4004 793 4068 annectitur.
822 4002 924 4077 Quum
953 4020 1027 4066 vero
1055 4003 1119 4066 lere
1149 4018 1259 4066 omues
1289 4005 1401 4087 ἀπορίαι
1429 4019 1500 4083 quae
1523 4005 1561 4067 ad

391 4112 594 4194 philosophos
616 4111 854 4176 antesocraticos
879 4113 1038 4192 pertinent
1058 4112 1117 4174 hoc
1132 4111 1164 4174 in
1179 4111 1260 4174 libro
1274 4111 1314 4175 lX
1329 4112 1562 4188 contineantur,
1658 4163 1670 4188 ,

393 4219 923 4284 Laertianassuccessioneseasdem
937 4237 1002 4282 esse
1018 4225 1111 4298 atque
1123 4219 1286 4283 Sotioneas
1297 4220 1386 4284 lacile
1396 4222 1563 4303 persuade·

392 4328 506 4403 bimus,
524 4327 660 4410 exceptis
682 4328 777 4408 (quod
798 4328 851 4390 viv
875 4346 953 4408 opus
975 4334 1020 4390 est
1041 4331 1160 4405 notare)
1187 4345 1296 4393 eorum
1315 4328 1563 4393 successionibus

392 4436 650 4518 philosophorum
671 4435 724 4516 qui
746 4443 816 4517 post
839 4436 999 4500 Sotionem
1024 4436 1143 4500 viuere.
1169 4435 1359 4516 Argumenta
1385 4437 1469 4500 enirn
1494 4443 1563 4500 oolo
1628 4517 1633 4526 Ι

391 4543 531 4624 priorum
568 4542 720 4608 librorum
748 4542 829 4606 nihil
859 4544 976 4606 habent
1004 4544 1138 4608 arduum
1166 4544 1251 4624 quod
1286 4545 1324 4608 ad
1353 4544 1564 4608 successiones

422 4723 454 4788 (¹)
466 4727 499 4776 be
521 4723 709 4788 significatione
730 4725 820 4774 horum
840 4725 976 4774 verborum
997 4728 1145 4774 erraverunt
1168 4727 1193 4774 el
1215 4725 1373 4784 Plutarchus,
1387 4727 1420 4780 et,
1440 4739 1469 4773 eo
1488 4725 1562 4784 duce,

392 4807 559 4867 Casaubonus3
570 4804 627 4855 vide
639 4803 707 4855 enirn
719 4803 863 4856 testimonia
884 4809 1003 4869 congesta
1019 4821 1033 4856 a
1049 4805 1102 4856 viro
1118 4805 1262 4856 doctissimo
1274 4807 1386 4869 Bywater
1398 4808 1428 4855 ad
1442 4805 1563 4856 Heracliti

393 4888 482 4951 fragm.
496 4886 586 4938 lxxx.
