3622 5708
880 615 1041 677 44-

379 748 606 832 Ἡρακλειτείους
622 745 684 829 (ht,
693 749 738 830 6).
751 747 807 812 Cui
822 748 973 812 contiuuo
987 747 1187 828 subiungitur
1200 747 1351 830 expositio
1366 749 1545 828 dogmatum

372 872 437 920 uon
453 855 713 936 Heracliteorum,
728 856 781 919 sed
801 856 895 936 ipsius
911 855 1072 920 Heracliti.
1093 858 1165 920 Non
1180 857 1351 921 absurdum
1370 856 1409 918 sit
1423 855 1544 935 opinari

372 963 465 1027 etiam
483 981 553 1044 quac
575 966 614 1028 de
634 963 781 1028 Heracliti
804 963 1010 1028 sectatoribus
1033 962 1085 1026 hic
1107 964 1281 1027 dictasunt
1302 980 1340 1026 ex
1360 962 1544 1026 Antisthene

370 1070 464 1135 luisse
483 1074 676 1156 deprompta,
697 1089 755 1136 nec
776 1089 838 1136 non
860 1073 898 1136 ab
919 1071 1105 1136 Antisthene
1127 1071 1265 1136 adhibita
1285 1089 1351 1135 esse
1373 1068 1545 1134 Aristotelis

371 1179 410 1242 de
432 1179 543 1244 iisdem
565 1187 596 1242 et
621 1182 659 1244 de
682 1180 804 1260 Gratylo
827 1179 1005 1244 testimonia
1034 1181 1081 1258 (v.
1105 1197 1198 1260 supra
1219 1197 1252 1260 p.
1276 1179 1325 1260 9).
1347 1177 1546 1241 -Laertius

371 1292 475 1350 autern
490 1305 554 1351 non
569 1286 680 1352 ordine
700 1293 784 1351 certo
799 1287 991 1352 Heraclitum
1005 1286 1121 1368 posuit,
1136 1288 1190 1351 sed
1206 1295 1292 1354 extra
1308 1286 1471 1350 ordinem:
1494 1285 1544 1349 oui

372 1410 484 1475 nempe
501 1394 551 1458 hic
566 1402 596 1458 et
610 1396 818 1475 Xenophanes
832 1397 857 1459 οἱ
873 1397 1015 1478 σποράδην
1029 1394 1207 1476 philosophi
1222 1392 1371 1458 ridentur
1386 1393 1543 1474 tv1h‚9t;

370 1502 420 1574 lll,
436 1502 501 1585 20),
517 1519 615 1583 quum
629 1503 697 1566 sine
711 1502 877 1582 magistris,
893 1509 960 1566 tum
976 1501 1043 1565 sine
1059 1502 1228 1583 discipulis.
1240 1502 1307 1565 Hoc
1321 1501 1414 1565 etiam
1431 1501 1463 1562 in
1476 1501 1544 1564 loco

371 1611 466 1674 verba
487 1609 682 1674 Antisthenis
707 1610 893 1674 intransitu
914 1609 1112 1690 exscripsisse
1132 1609 1273 1674 Laertius
1291 1607 1462 1685 videbitur,
1479 1609 1545 1687 ejus

371 1717 553 1784 auctoritate
576 1735 640 1782 non
671 1735 744 1782 usus
769 1718 802 1780 in
831 1717 1057 1798 compositione
1082 1717 1178 1782 totius
1201 1717 1315 1798 operis.
1330 1751 1371 1764 -
1386 1718 1479 1780 Porro
1505 1716 1544 1780 de

276 1905 278 1913 Ι
371 1825 569 1908 Heracliteis,
604 1834 643 1918 ut·
667 1827 704 1888 de
732 1825 870 1908 Diogene
899 1825 1107 1907 Apolloniata,
1145 1825 1285 1898 Laertius
1320 1825 1426 1888 minus
1455 1830 1544 1888 caute

368 1933 539 2012 judicavit,
576 1951 672 2014 quum
708 1932 908 1996 Antisthenes
940 1949 1087 2013 magnam
1121 1932 1295 1997 Aristotelis
1330 1931 1545 1996 auctoritatem

368 2048 570 2122 sequeretur,
597 2041 771 2121 neglectam
797 2039 883 2105 illam
912 2058 929 2105 a
957 2039 1160 2122 scriptoribus
1184 2057 1261 2120 quos
1287 2041 1382 2105 duces
1410 2039 1546 2122 praetulit

373 2150 527 2215 Laertius.

411 2260 441 2322 A.
459 2259 536 2336 Φησὶ
561 2261 592 2321 δὲ
617 2262 780 2342 Δημήτριος
804 2259 833 2319 ἐν
858 2255 1034 2336 Ὁμωνύμοις
1056 2259 1104 2321 καὶ
1130 2255 1307 2336 Ἀντισθένης
1335 2260 1363 2320 ἐν
1390 2259 1545 2339 Διαδοχαῖς

373 2370 552 2446 ἀποδημῆσαι
574 2365 788 2429 Democritum
809 2367 857 2428 ucri
878 2366 919 2441 εἰς
937 2367 1080 2447 Αἴγυπτον
1095 2367 1165 2450 πρὸς
1183 2367 1247 2442 τοὺς
1264 2367 1357 2450 ἱερέας
1369 2367 1544 2449 γεωμετρίαν

374 2478 565 2554 μαθησόμενον
580 2475 628 2536 καὶ
643 2476 713 2556 πρὸς
732 2475 894 2550 Χαλδαίους
907 2474 955 2535 καὶ
969 2473 1011 2548 εἰς
1023 2475 1074 2551 τὴν
1089 2474 1213 2557 Περσίδα
1226 2475 1274 2536 καὶ
1290 2473 1331 2548 εἰς
1343 2475 1395 2551 τὴν
1412 2471 1545 2557 Ἐρυθρὰν

373 2585 518 2646 θάλασσαν
538 2563 666 2661 γενέοθαι
690 2580 751 2659 (lx,
772 2579 835 2661 35).
860 2577 1073 2642 Democritum
1092 2578 1198 2643 Asiam
1221 2586 1252 2642 et
1271 2579 1434 2661 AEgypium
1458 2595 1547 2660 pera·

372 2687 507 2768 gravisse
525 2687 619 2766 vulgo
634 2687 717 2766 apud
732 2692 852 2749 veteres
871 2687 1066 2764 credebatur,
1084 2702 1186 2766 neque
1202 2686 1233 2750 id
1250 2686 1378 2766 quidem
1392 2693 1545 2767 repugnat

371 2794 579 2877 plurimorum
605 2793 790 2857 testimoniis
815 2793 868 2874 qui
890 2794 1076 2858 confirmant
1100 2794 1311 2858 Democritum
1331 2793 1482 2856 doctrinae
1507 2792 1545 2856 de

372 2904 481 2968 atomis
496 2902 583 2966 initia
599 2918 615 2965 a
630 2902 788 2983 Leucippo
804 2901 968 2983 accepisse.
985 2903 1031 2964 Ex
1046 2903 1105 2965 hoc
1120 2902 1216 2982 igitur
1230 2901 1299 2967 loco
1315 2917 1379 2965 non
1395 2901 1544 2964 contiuuo

372 3020 497 3092 apparet
516 3010 735 3073 Antisthenem
754 3011 964 3073 Democritum
984 3026 1000 3073 a
1021 3009 1179 3092 Leucippo
1200 3008 1383 3089 sejunxisse,
1405 3009 1445 3072 ita
1465 3007 1546 3071 Aris-

373 3117 458 3182 toteli
488 3119 530 3200 (ν.
565 3135 657 3200 supra
686 3137 717 3199 p.
746 3117 777 3198 9)
811 3117 985 3198 ceterisque
1013 3133 1213 3199 repugnasse,
1246 3117 1417 3198 Epicurum
1446 3132 1545 3180 unum

371 3229 414 3310 (v.
431 3244 522 3307 supra
536 3245 567 3308 p.
587 3227 636 3308 lli)
653 3233 795 3290 secutum
811 3243 889 3289 esse.

411 3440 585 3504 Sostontrus
619 3442 775 3521 quomodo
810 3441 906 3504 series
940 3440 1199 3521 philosophorum
1235 3439 1422 3520 disposuerit
1450 3438 1546 3520 plane

372 3551 563 3630 ignoramus.
592 3550 636 3613 De
662 3549 784 3630 Cynicis
811 3550 862 3612 vel
890 3549 924 3612 in
953 3548 1054 3630 primo
1083 3548 1165 3612 libro
1195 3547 1246 3627 (D.
1274 3547 1310 3612 L.
1341 3547 1377 3626 ll,
1405 3547 1470 3628 tt),
1508 3548 1546 3610 de

372 3657 571 3738 Pythagoreis
595 3657 628 3720 in
653 3657 746 3721 tertio
775 3657 825 3738 (D.
854 3659 889 3720 L.
917 3657 966 3735 Vl,
998 3656 1060 3738 td),
1086 3663 1122 3720 ut
1148 3655 1287 3736 videtur,
1314 3655 1544 3736 scripserat(¹);

372 3765 485 3846 quihus
506 3765 631 3830 indiciis
652 3784 727 3846 opus
747 3765 820 3830 satis
845 3767 992 3846 exiguum
1014 3764 1193 3846 suspicitur.
1219 3763 1462 3838 Quatuordecim
1481 3764 1546 3844 ejus

372 3881 493 3938 exstant
515 3874 596 3955 apud
616 3873 786 3952 Laertium,
810 3873 879 3937 duae
902 3880 1005 3938 autem
1030 3873 1111 3954 apud
1135 3873 1334 3951 Athenaeum,
1361 3889 1546 3936 commemo·

371 3981 519 4055 rationes,
556 3998 689 4063 quarum
720 3998 845 4060 novem,
883 3982 921 4045 de
946 3980 1086 4044 moribus
1121 3997 1155 4045 ac
1188 3980 1252 4044 vita
1287 3979 1483 4061 Sapientium
1516 3986 1547 4042 et

371 4092 561 4172 Pythagorae,
578 4089 702 4154 minimi
720 4097 793 4152 sunt
807 4088 970 4169 momenti,
985 4089 1046 4152 nisi
1061 4105 1160 4169 quum
1173 4089 1212 4152 de
1227 4087 1421 4169 temporibus
1435 4104 1544 4152 eorum

371 4205 403 4262 et
420 4197 514 4281 stirpe
536 4214 585 4261 res
609 4199 725 4277 agitem
747 4195 869 4259 minimi
892 4194 986 4260 etiam
1008 4193 1159 4258 momenti
1183 4201 1230 4260 est
1247 4195 1366 4261 dictum
1387 4194 1546 4275 quoddam

372 4304 473 4386 cynici
487 4305 629 4382 Cratetis,
652 4304 735 4383 quod
755 4303 922 4368 Athenaeus
942 4303 992 4384 (X,
1012 4321 1043 4384 p.
1065 4302 1124 4366 tta
1144 4302 1173 4384 c)
1190 4320 1205 4368 a
1225 4302 1378 4367 Sosicrate
1397 4299 1543 4383 sumpsit;

371 4420 419 4478 ter
438 4419 543 4478 autem
565 4414 647 4495 apud
669 4411 830 4477 Laertium
853 4411 1021 4477 Sosicrates
1042 4411 1168 4476 affertur
1189 4411 1368 4492 improbans
1386 4416 1421 4473 ut
1440 4407 1545 4491 spuria

403 4695 433 4760 (1)
444 4697 480 4745 De
490 4691 614 4757 Aspendio
623 4691 731 4742 Diodoro
742 4690 859 4742 narrabat
871 4692 1038 4754 Pythagoreos
1053 4688 1135 4753 potius
1147 4692 1259 4738 tractans
1270 4701 1347 4750 quam
1358 4686 1475 4752 Cynicum
1488 4686 1545 4738 ideo

371 4775 435 4827 nihil
447 4789 509 4838 opus
525 4779 563 4826 est
578 4771 660 4825 locum
677 4774 709 4825 tle
724 4770 842 4836 Diogenis
857 4771 930 4822 libris
947 4773 992 4836 (ll,
1004 4773 1044 4833 stt
1061 4771 1096 4822 ita
1113 4770 1263 4822 emendare:
1284 4765 1309 4820 ἐν
1324 4773 1359 4837 τῷ
1375 4771 1454 4837 τρίτῳ,
1477 4769 1545 4820 sicut

372 4855 452 4907 voluit
462 4856 489 4910 G.
501 4851 645 4916 Muellerus,
658 4859 677 4906 t.
690 4853 731 4916 tt,
742 4867 767 4918 p.
781 4856 837 4913 5⁰3,
848 4865 891 4915 pro
905 4846 930 4902 ἐν
942 4855 975 4919 τῷ
986 4852 1083 4919 πρώτῳ.
