3622 5708
777 619 934 684 ..69-

272 753 390 834 minus,
419 755 474 819 sed
502 754 564 818 alio
592 755 698 833 modo,
726 754 851 833 lavisse,
880 754 1018 834 primum
1045 754 1155 820 saltem
1187 755 1447 820 animadvertenti

272 860 409 941 videtur,
428 869 460 926 et
480 861 612 932 credidit
631 861 837 936 Nietzschius,
857 861 945 940 cnjus
964 861 1029 942 ipsa
1046 862 1140 928 verba
1160 861 1233 942 (loc.
1252 862 1320 943 cit.)
1335 863 1449 927 descri-

273 968 347 1032 here
362 977 428 1032 est:

320 1076 427 1140 «idem
454 1078 549 1150 enim,
575 1077 629 1156 qui
654 1083 700 1140 tot
720 1076 924 1158 philosophos
945 1093 962 1140 a
983 1076 1075 1140 solito
1096 1078 1231 1161 αἱρέσεως
1251 1077 1446 1158 receptaculo

272 1182 447 1248 interclusit
465 1191 571 1266 totque
589 1185 696 1250 talium
715 1187 849 1268 αἱρέσεων
870 1185 997 1248 nomina
1016 1183 1143 1266 proprio
1164 1191 1263 1248 marte
1281 1185 1446 1266 expunxit,
1470 1239 1474 1250 ,

272 1291 330 1354 hac
346 1291 378 1354 in
398 1293 543 1374 replane
562 1292 721 1356 diversum
739 1293 850 1373 probat
861 1291 1028 1371 iudicium,
1043 1291 1127 1370 quod
1142 1290 1199 1355 uni
1214 1291 1446 1356 Hedonicerum

272 1405 382 1478 sectae,
415 1415 509 1479 quam
542 1398 636 1463 ceteri
668 1405 863 1479 agnoverunt
898 1398 1079 1480 scriptores,
1114 1403 1145 1460 et
1179 1397 1380 1478 Cyrenaicam
1416 1408 1446 1464 et

278 1504 459 1590 Ἀννικέρειον
485 1515 516 1570 et
538 1506 717 1590 Θεοδώρειον
741 1507 971 1586 quodammodo
996 1505 1147 1581 exsecuit,
1171 1505 1354 1570 nominihus
1376 1506 1445 1571 illas
1535 1582 1537 1586 ¹

271 1612 456 1695 placitisque
471 1615 554 1679 inter
567 1632 600 1678 se
615 1615 835 1695 discrepantes.
851 1614 876 1676 Ε
892 1631 954 1694 quo
972 1615 1032 1678 hoc
1050 1620 1132 1678 certe
1150 1613 1303 1694 sequitur,
1323 1631 1396 1678 eum
1412 1614 1444 1677 in

272 1721 423 1801 angustiis
437 1722 629 1802 argutiisque
644 1723 755 1787 harum
770 1731 924 1786 sectarum
939 1721 1092 1802 imprimis
1103 1737 1169 1786 esse
1183 1728 1377 1788 versatum.»

312 1829 457 1894 Conicedo
474 1831 620 1910 equidem
640 1830 720 1894 hanc
738 1829 892 1910 triplicem
906 1828 1107 1910 partitionem
1121 1829 1154 1892 in
1170 1845 1263 1911 opere
1278 1829 1445 1911 Hippeboti

271 1937 433 2016 probatam
461 1937 567 2015 luisse,
592 1937 716 2002 etiamsi
745 1937 811 2018 ipse
838 1952 902 1999 non
930 1935 1049 2018 primus
1077 1936 1162 2001 illam
1189 1936 1326 2000 finxerit.
1356 1936 1444 2001 Addo

271 2050 430 2108 auctorem
444 2062 539 2125 quem
553 2045 695 2111 Laertius
708 2044 742 2107 in
758 2044 998 2124 Cyrenaicorum
1010 2044 1223 2108 doctrinarum
1234 2044 1444 2126 descriptione

273 2151 320 2230 (ll,
332 2151 436 2231 86-99)
452 2151 617 2233 decerpsit,
632 2152 798 2234 Hippcboti
814 2150 894 2214 libro
907 2150 1119 2231 (quemsemel
1130 2150 1249 2232 citavit)
1261 2167 1354 2216 usum
1365 2168 1442 2216 esse.

271 2259 390 2322 Verum
408 2259 585 2324 Nietzschio
600 2259 777 2324 consentire
791 2265 888 2324 totam
901 2259 989 2324 illam
1003 2258 1189 2340 placitorum
1203 2258 1444 2340 descriptionem

271 2365 309 2429 ah
331 2368 507 2448 Hippohoto
527 2367 697 2448 prolectam
716 2383 782 2430 esse
802 2366 951 2431 asserenti
969 2366 1012 2448 (p.
1037 2366 1108 2447 ato)
1126 2383 1261 2447 nequeo,
1277 2384 1375 2447 quum
1390 2366 1443 2430 ille

271 2481 379 2538 auctor
396 2475 595 2556 Cyrenaicam
614 2482 730 2539 sectam
749 2475 781 2537 in
798 2482 932 2555 quatuor
950 2491 1075 2555 genera,
1096 2492 1161 2538 non
1179 2491 1254 2541 vero
1272 2475 1306 2538 in
1322 2475 1391 2549 tria,
1409 2482 1445 2540 nt

271 2581 475 2663 Hippohotus,
495 2582 625 2664 partitus
644 2582 692 2656 sit,
711 2582 895 2662 Hegesiacos
910 2581 1098 2664 Cyrenaicis,
1114 2588 1149 2647 ut
1164 2582 1204 2647 ita
1221 2582 1335 2662 dicam,
1350 2582 1443 2646 meris

271 2691 427 2772 proximos
445 2691 650 2771 sohjnnxerit,
673 2692 798 2756 eosdem
814 2697 885 2785 ante
900 2691 1091 2754 tunioereos
1105 2706 1140 2754 ae
1155 2691 1351 2756 Theodoreus
1364 2697 1442 2756 trac-

271 2799 398 2876 taverit;
414 2799 490 2871 imo,
507 2815 603 2878 quum
619 2799 701 2862 idem
717 2805 824 2862 auctor
838 2797 1047 2880 Hippcbotum
1064 2797 1183 2877 laudat,
1194 2815 1258 2861 non
1270 2814 1342 2863 enm
1354 2797 1443 2863 aliter

270 2905 377 2971 laudat
397 2924 432 2971 ae
452 2906 623 2971 Panaetium
645 2909 674 2970 ἐν
690 2915 730 2987 τῷ
746 2907 814 2990 Περὶ
828 2909 979 2990 αἱρέσεων;
1001 2905 1082 2969 nihil
1096 2905 1193 3013 i'gittlr
1205 2907 1315 2987 probat
1328 2907 1443 2989 Hippo-

270 3014 378 3096 hotum
400 3031 438 3077 ex
459 3031 552 3096 opere
578 3013 703 3077 Panaetii
724 3013 891 3079 utilitatem
913 3013 1030 3095 cepisse
1052 3019 1082 3076 et
1104 3019 1171 3094 post
1183 3029 1257 3078 eum
1270 3013 1439 3096 scripsisse,

271 3123 354 3202 quod
369 3129 472 3186 tarneo
488 3122 683 3186 Nietzschius
697 3123 741 3203 (p.
757 3121 829 3202 225)
845 3121 904 3184 sihi
920 3121 1006 3185 visus
1020 3128 1066 3185 est
1079 3121 1269 3202 probavisse.

312 3229 387 3293 liihi
407 3229 511 3310 potius
528 3229 654 3293 videtur
674 3229 761 3293 illam
781 3229 814 3290 in
835 3234 970 3308 quatuor
987 3245 1101 3308 genera
1122 3227 1321 3310 partitionem
1341 3230 1441 3294 Sotio-

271 3353 363 3401 neam
395 3353 473 3415 esse,
507 3337 675 3418 Hippohoti
708 3354 816 3400 severo
842 3335 961 3415 judicio
989 3336 1126 3400 sublatos
1151 3353 1217 3400 esse
1244 3336 1440 3418 Hegesiacos,

270 3446 387 3509 nedum
405 3444 595 3508 Annicereos
614 3452 645 3507 et
662 3445 860 3508 Theodoreus
879 3444 998 3527 primus
1018 3444 1202 3526 protulerit:
1227 3461 1334 3509 nonne
1356 3446 1440 3510 enim

224 3596 227 3602 ·
267 3555 332 3634 J'am
346 3553 482 3617 vidimus
503 3554 547 3635 (p.
567 3553 620 3634 20)
639 3569 656 3616 a
675 3552 865 3616 Callimacho
883 3551 1055 3638 Θεοδώρειον
1074 3552 1239 3633 quemdam
1255 3554 1440 3632 cognomine

270 3669 412 3728 notatum
431 3661 547 3726 luisset
561 3663 673 3725 Nonne
687 3660 761 3725 satis
776 3667 896 3724 constat
910 3657 1107 3725 Alexandria
1122 3661 1277 3742 praecipue
1294 3661 1439 3742 riguisse,

270 3771 355 3834 haud
373 3769 415 3834 ita
435 3769 535 3832 multo
554 3776 626 3833 ante
646 3768 806 3833 Sotionem
825 3767 1085 3847 Alexandrinum,
1105 3767 1186 3847 illas,
1207 3777 1241 3832 ut
1262 3768 1304 3832 ita
1325 3769 1439 3850 dicam,

270 3885 428 3945 sectarum
442 3876 630 3959 particulas‘l
649 3877 807 3941 Postremo
822 3874 960 3940 Sotionis
975 3876 1080 3939 locum
1095 3877 1177 3957 apud
1192 3876 1319 3940 Sextum
1333 3877 1441 3958 Empi-

270 3985 371 4050 ricum
398 4001 624 4063 memoremus,
652 3984 707 4048 uhi
735 3971 821 4048 Solio
851 3999 922 4046 cum
949 3983 1105 4065 praecipuo
1134 3984 1227 4063 hujus
1254 3983 1440 4065 placitorum

272 4091 489 4174 descriptionis
504 4098 629 4156 auctore
645 4091 798 4155 consentit
814 4093 857 4170 (v.
874 4107 977 4172 supra,
994 4108 1025 4171 p.
1041 4090 1106 4172 50).

310 4199 519 4265 Verisimilior
538 4206 583 4262 est
601 4198 808 4277 Nietzschius,
828 4214 925 4277 quum
945 4196 1107 4261 contendit
1121 4200 1165 4279 (p.
1180 4198 1326 4281 att-225)
1340 4217 1440 4281 prooe-

271 4307 327 4372 mii
349 4305 506 4370 Laertiani
527 4305 695 4386 particulas
715 4306 754 4369 de
775 4305 867 4383 Lino,
888 4305 1013 4382 llusaeo,
1035 4304 1158 4384 Orpheo
1175 4305 1235 4385 (Pr.
1253 4305 1283 4383 3,
1299 4308 1330 4386 d,
1350 4308 1381 4386 5)
1401 4308 1439 4371 ab

271 4414 439 4496 Hippohoti
455 4413 535 4478 libro
551 4414 695 4493 decerpta
712 4429 791 4492 esse,
807 4447 844 4458 -
858 4411 913 4492 qni
928 4410 1009 4475 liber
1029 4411 1188 4495 Ἀνοιγροιρή
1202 4429 1271 4476 mea
1285 4415 1439 4478 sententia

272 4521 469 4600 luerit,-et
489 4520 711 4601 hippobotu'm,
736 4520 785 4582 his
808 4519 1002 4600 perantiquis
1027 4524 1058 4582 et
1081 4519 1168 4599 quasi
1192 4519 1342 4583 fabulosis
1364 4520 1440 4585 viris

272 4628 386 4707 allatis,
407 4636 513 4692 contra
533 4626 670 4692 Sotionis
684 4626 865 4708 opinionem
881 4627 1051 4708 scripsisse,
1067 4625 1219 4706 originem
1233 4627 1440 4708 philosophiae

272 4736 352 4818 apud
376 4736 521 4799 barbaros
538 4734 716 4814 querentis.
737 4734 914 4797 Notandum
933 4740 979 4797 est
996 4733 1082 4797 enim
1101 4734 1216 4798 linum
1234 4741 1265 4798 et
1283 4735 1441 4816 Orpheum

272 4843 305 4905 in
334 4842 437 4907 indice
465 4841 660 4923 Sapientiam
688 4839 881 4922 llippoboteo
909 4840 1025 4922 primos
1052 4859 1119 4906 esse
1146 4841 1327 4923 inscriptos3
1357 4844 1441 4923 quod
