3622 5708
860 587 901 604 .-
921 553 961 616 24
981 588 1022 600 ..

355 721 394 734 -
409 690 439 751 ἐν
453 691 571 772 δευτέρῳ
586 689 648 771 περὶ
662 693 825 772 Πυθαγόρου
845 689 897 768 (lr.
912 689 964 768 2I,
981 707 1030 770 op.
1048 689 1084 752 D.
1102 688 1135 750 L.
1151 687 1225 766 vm,
1243 685 1288 759 lo,
1307 687 1345 749 de
1360 689 1524 748 consuetu·

447 795 522 858 diuo
536 797 670 876 quadum
686 797 972 876 Pythagoreorum),
1436 832 1440 843 ·

354 937 394 950 -
408 903 436 965 ἐν
451 912 491 985 τῷ
506 905 567 986 περί
577 906 779 986 Αριστοτέλους
791 905 841 985 (θ’.
854 906 906 981 ll,
918 921 967 984 dp.
979 905 1015 966 I).
1031 903 1065 967 Ic.
1075 904 1112 980 V,
1127 904 1153 975 l,
1168 903 1205 964 de
1217 902 1312 982 slirpe
1323 900 1522 980 Aristotelis),

353 1045 393 1056 -
408 1012 437 1074 ἐν
450 1019 490 1092 τῷ
505 1011 566 1094 περὶ
579 1013 782 1094 Αριστοτέλους
796 1011 898 1095 πρώτῳ
913 1012 965 1092 (ίτ.
981 1013 1032 1091 la,
1044 1013 1082 1078 de
1098 1010 1263 1092 Herpylli),

353 1153 392 1164 -
407 1121 436 1182 ἐν
450 1127 489 1200 τῷ
503 1119 564 1202 περί
577 1123 754 1202 Θεοφράστου
770 1120 821 1200 (ir.
838 1121 890 1199 45,
905 1137 955 1201 ap.
972 1120 1007 1182 l).
1026 1120 1061 1182 L.
1076 1119 1113 1198 ΙΙ,
1127 1120 1192 1200 55),

352 1225 552 1290 non'ce'rtum
566 1232 693 1307 apparet
706 1226 745 1290 ah
760 1225 928 1308 Hermippo
943 1226 975 1289 in
990 1226 1112 1291 scholas
1131 1226 1247 1290 divisos
1270 1225 1364 1289 luisse
1383 1225 1517 1307 philoso-

351 1333 446 1414 ph0s;
473 1334 556 1412 qnod
584 1351 648 1397 non
678 1351 716 1396 en
744 1333 897 1398 hocloco
923 1333 1021 1414 magis
1044 1341 1172 1416 apparet
1194 1333 1226 1396 in
1253 1350 1316 1412 quo
1332 1333 1415 1398 idem
1440 1334 1522 1398 inter

352 1439 554 1521 Theophrasti
589 1439 759 1520 discipulos
793 1441 1011 1521 Lysimachum
1046 1441 1214 1520 quemdam
1252 1448 1404 1515 recenset,
1429 1457 1522 1522 quem

352 1547 561 1613 Callimachus
575 1547 793 1612 Theodorcum
819 1548 852 1612 in
879 1548 992 1612 tabulis
1016 1548 1081 1612 suis
1107 1548 1307 1630 inscripserat
1332 1550 1382 1630 (ir.
1408 1551 1463 1628 l63
1489 1567 1520 1612 r.

350 1653 456 1738 supra,
475 1664 507 1737 p.
533 1657 596 1737 m).
614 1656 675 1720 Sed
697 1661 874 1738 temporum
901 1657 991 1736 ordo,
1017 1657 1053 1721 ah
1080 1657 1250 1738 Hermippo
1276 1657 1467 1736 observatus,
1483 1693 1523 1706 -

351 1763 493 1843 quamvis
516 1780 580 1827 non
605 1763 697 1844 plane
717 1764 761 1826 sit
786 1764 988 1844 idematque
1015 1764 1066 1828 hic
1095 1765 1171 1828 ordo
1201 1782 1263 1846 quo
1292 1767 1329 1829 od
1358 1766 1522 1844 magistros

349 1871 527 1936 referuntur
555 1871 712 1952 discipuli,
737 1871 885 1951 quoniam
910 1872 1103 1936 diversarum
1131 1872 1311 1954 philosophi
1341 1873 1521 1936 scholarum

348 1993 430 2058 saepe
444 1978 569 2041 luerunt
583 1976 731 2056 equales,
748 1975 855 2040 —illc
872 1982 974 2040 tamen
991 1977 1067 2040 ordo
1084 1977 1218 2041 multum
1237 1978 1275 2042 ad
1291 1979 1376 2040 hunc
1388 1977 1520 2053 accedit,

347 2082 464 2164 quippe
477 2085 586 2148 suadet
612 2092 785 2166 temporum
814 2083 934 2149 notatio
962 2095 997 2148 ut
1026 2091 1174 2148 notentur
1203 2087 1277 2167 ipsae
1306 2085 1520 2150 doctrinarum

346 2190 567 2254 successIones
593 2190 752 2256 Nonnulla
773 2191 859 2255 enim
882 2191 1054 2272 fragmenta
1070 2193 1276 2274 Hermippum
1300 2194 1520 2258 demonstrant

347 2297 455 2362 sedulo
477 2298 653 2379 collegisse,
681 2309 712 2362 et
726 2316 807 2380 saepe
822 2317 860 2362 en
876 2299 1022 2380 oporibus
1038 2300 1169 2363 minime
1184 2299 1280 2380 notis,
1295 2301 1451 2381 permulta
1480 2302 1519 2364 de

210 2453 220 2476 .
346 2405 501 2486 magistris
517 2407 773 2489 philosophorum
787 2423 822 2470 ac
837 2405 1010 2488 discipulis,
1027 2414 1081 2471 aut
1096 2409 1134 2471 de
1149 2407 1364 2472 doctrinarum
1386 2409 1519 2489 origine,

347 2512 550 2578 testimonia:

346 2657 386 2667 —
399 2621 585 2702 Pythagoras
598 2621 760 2686 dicebatur
773 2625 825 2698 τὰς
838 2621 979 2686 Ἰουδαίων
994 2624 1041 2685 καί
1055 2626 1173 2708 Θρᾳκῶν
1188 2622 1271 2699 δόξας
1287 2627 1458 2702 μιμούμενος
1473 2624 1520 2686 καὶ

441 2734 602 2812 μεταφέρων
622 2731 663 2806 εἰς
681 2733 777 2794 ἑαυτόν
793 2729 844 2809 (Il.
863 2731 917 2805 2I3
935 2730 975 2793 cI.
991 2731 1031 2793 ir.
1044 2731 1079 2805 23
1096 2731 1134 2792 Il.
1149 2731 1199 2808 78,
1216 2746 1265 2810 ap.
1278 2730 1314 2792 ll.
1330 2729 1364 2793 L.
1383 2730 1404 2803 l,
1417 2730 1448 2808 8,
1465 2731 1520 2794 uhi

440 2835 553 2900 citatur
564 2835 750 2918 Hermippus
762 2839 790 2898 ἐν
804 2846 843 2916 τῷ
858 2835 960 2919 πρώτῳ
974 2837 1035 2919 περὶ
1050 2841 1170 2918 Μάγων,
1183 2836 1363 2917 comprobat
1374 2839 1520 2902 eumdem

440 2939 642 3025 philosophie
657 2942 817 3007 orientalis
831 2944 925 3008 luisse
940 2943 1148 3024 studiosum);

346 3085 385 3096 -
400 3053 480 3132 φησίν
494 3051 655 3134 Ἕρμιππος
675 3055 771 3132 λέγειν
793 3052 854 3113 τινὰ
874 3059 929 3114 τῶν
952 3057 1134 3134 συγγραφέων
1156 3054 1336 3116 Πλάτωνα...
1361 3056 1518 3131 ὠνήσασθαι

438 3157 569 3222 Philolai
589 3158 705 3222 librum
723 3161 799 3242 παρὰ
816 3167 871 3221 τῶν
892 3167 1030 3240 συγγενῶν
1049 3165 1097 3222 τοῦ
1116 3159 1304 3222 Φιλολάου...
1326 3159 1373 3221 καί
1396 3162 1518 3224 ἐντεῦθεν

422 3263 424 3270 ’
442 3273 682 3350 μεταγεγραφέναι
697 3270 743 3330 τδν
758 3271 876 3345 Τίμαιον
891 3267 941 3342 (ir.
958 3269 1009 3342 25,
1026 3283 1077 3348 ap·
1092 3267 1127 3327 Ι).
1146 3267 1182 3330 L.
1195 3267 1267 3339 VIII,
1284 3267 1336 3348 85)
1344 3287 1353 3344 3

344 3377 575 3457 -Θεέφραστος
603 3377 776 3456 Παρμενίδου
806 3375 872 3457 φησί
900 3376 1032 3452 ζηλωτὴν
1060 3373 1281 3455 Empedoclem
1313 3379 1442 3455 γενέσθαι
1471 3375 1518 3438 καί

331 3507 333 3516 ’
404 3478 407 3484 ’
434 3485 565 3562 ’μιμητὴν
585 3485 614 3544 ἐν
632 3490 694 3558 τοῖς
712 3488 898 3562 ποιήμασι...,
920 3483 1080 3566 Ἕρμιππος
1100 3481 1171 3546 δὀὔ
1190 3485 1376 3566 Παρμενίδου,
1394 3484 1519 3566 Ξτνοφοί·

438 3614 503 3666 νους
521 3593 551 3654 δὲ
569 3596 713 3672 γεγονέναι
733 3594 877 3670 ζηλωτήν,
899 3592 921 3672 ᾧ
942 3591 989 3652 καλΙ
1005 3592 1197 3672 συνδιατρῖψαι
1218 3590 1265 3651 καί
1281 3595 1452 3668 μιμήσασθαι
1466 3594 1517 3669 τὴν

438 3699 593 3778 ἐποποιίαν,
608 3701 719 3780 ὕστερον
734 3700 764 3760 δὲ
778 3705 840 3774 τοῖς
856 3702 1064 3782 Πυθαγορικοῖς
1079 3699 1204 3779 ἐντυχεῖν
1225 3697 1276 3775 (ir.
1293 3697 1345 3776 27,
1361 3713 1410 3777 ap.
1428 3698 1464 3761 ll.
1481 3697 1516 3761 L.

336 3819 340 3826 '
438 3804 514 3882 VIII,
529 3805 655 3886 tio-mh

330 3942 382 3960 ¹-
398 3913 479 3998 φησίν
497 3914 658 3997 Ἕρμιππος
677 3915 1001 3996 γραμματοδιδάσκαλον
1022 3911 1193 3993 Epicurum
1218 3917 1397 3993 γεγενῆσθαι,
1422 3915 1518 3977 ἔπειτα

330 4037 333 4062 ⁵
438 4025 530 4101 μέντοι
552 4025 735 4103 περιτυχόντα
754 4026 816 4095 τοῖς
839 4023 1016 4103 Δημοκρίτου
1041 4021 1160 4096 βιθλίσις
1183 4019 1227 4080 ἐπὶ
1250 4021 1414 4102 φιλοσοφίαν
1442 4017 1517 4096 ἀίξαι

424 4127 474 4208 (fr.
490 4126 541 4205 40,
557 4143 607 4208 ap.
625 4127 660 4188 ll.
679 4127 714 4189 L.
730 4127 769 4204 X,
784 4125 834 4206 2);

344 4269 379 4280 -
395 4233 541 4314 quintum
557 4234 781 4314 testimonium,
796 4235 835 4297 de
850 4233 1047 4313 Lysimacho,
1063 4249 1155 4314 supra
1171 4232 1381 4298 laudavimus.

381 4340 586 4423 Hermippum
602 4342 729 4423 quidem
745 4343 857 4406 harum
871 4358 978 4405 rerum
994 4340 1177 4421 diligentem
1202 4340 1300 4420 magis
1324 4340 1418 4404 etiam
1432 4347 1516 4422 pate·

341 4448 459 4512 iaciunt
483 4450 654 4528 fragmenta
676 4450 715 4513 de
739 4448 917 4513 rhetoribus
946 4469 953 4511 :
980 4463 1034 4510 sen
1058 4447 1142 4511 enim
1158 4447 1225 4512 loca
1250 4464 1286 4510 er
1317 4447 1514 4527 undeviginti

253 4535 256 4542 ⁴
333 4557 390 4636 ¹(lr.
407 4555 457 4634 57,
471 4556 589 4646 58„60,
604 4556 655 4635 ol,
671 4558 721 4635 70,
738 4558 800 4635 ll),
817 4566 930 4638 praeter
944 4557 1081 4638 capitum
1097 4556 1204 4620 titulos
1223 4572 1316 4637 supra
1329 4556 1513 4637 exscriptos,

332 4662 429 4746 ,nohis
445 4663 530 4727 illius
544 4656 685 4736 indicant
698 4663 839 4728 studium
854 4664 1015 4730 verissime
1030 4664 1159 4729 notandi
1176 4665 1337 4727 rhetorum
1354 4663 1515 4730 continua·

340 4770 456 4834 tionem
466 4791 475 4848 3
492 4777 599 4836 contra
614 4771 753 4852 euinque
772 4772 873 4837 solum
890 4771 974 4836 inter
988 4788 1040 4836 sex
1057 4779 1087 4836 et
1098 4771 1226 4852 triginta
1240 4771 1306 4838 loca
1322 4772 1361 4836 ad
1376 4772 1513 4852 philoso-
