3622 5708
755 621 937 716 ,17-

275 757 454 838 degentium
476 757 586 821 eodem
606 765 742 840 tempore
764 773 826 838 quo
846 757 912 838 lpse
933 755 1133 820 Aristotelem
1151 755 1308 835 audiebat,
1325 754 1405 821 sicut
1419 763 1450 819 et

274 867 478 932 Aristoxenus
491 866 580 949 plura
602 867 640 931 de
660 866 784 930 Socrate
805 866 917 930 tradita
938 883 975 929 ex
996 883 1049 930 ore
1065 865 1161 948 patris
1176 865 1334 947 Spintheri
1349 865 1450 947 potuit

273 975 441 1055 accepisse.

313 1082 462 1146 Cxexxcur
486 1087 591 1147 autem
616 1081 756 1145 Solensis
779 1084 851 1160 Βίοι,
880 1081 1061 1160 frequenter
1084 1080 1122 1144 ab
1146 1079 1297 1144 Athenaeo
1317 1077 1449 1156 laudati,

272 1191 389 1255 morale
403 1191 559 1270 quoddam
575 1206 652 1270 opus
666 1195 755 1253 erant
769 1189 992 1268 oratoriumve,
1004 1203 1068 1252 non
1083 1187 1213 1252 historia
1227 1187 1449 1269 philosophiae,

273 1314 462 1378 quamquam
476 1296 519 1361 ihi
533 1297 659 1378 passim,
672 1314 736 1361 nou
752 1296 875 1377 ordine,
887 1296 1007 1376 aliquot
1020 1295 1261 1377 reperiebantur
1272 1293 1395 1358 lahellae
1411 1294 1450 1357 de

275 1394 386 1485 Gorgia
403 1405 453 1487 (lr.
472 1405 533 1487 15),
549 1406 588 1468 de
602 1405 785 1470 Anaxarcho
803 1404 853 1485 (11.
873 1405 935 1482 14),
953 1404 991 1467 de
1011 1403 1198 1484 quibusdam
1218 1401 1346 1466 forsitan
1367 1401 1449 1466 aliis.

274 1513 308 1577 ln
324 1529 417 1595 opere
431 1519 535 1577 autem
555 1511 724 1597 Ἀρκεσίλας
738 1511 886 1593 inscripto
903 1511 953 1592 (tr.
968 1512 1007 1574 44
1017 1511 1047 1592 3)
1063 1509 1160 1574 vitam
1175 1509 1268 1589 hujus
1282 1507 1450 1574 academici
1570 1549 1576 1562 .

275 1619 451 1703 philosophi
473 1620 587 1684 reterre
609 1637 672 1683 non
693 1623 814 1700 poterat
833 1618 1011 1696 Clearchus
1036 1624 1144 1700 utpote
1172 1616 1230 1680 sihi
1250 1615 1395 1696 aequalis;
1415 1631 1452 1678 ex

275 1728 335 1791 hoo
357 1727 450 1791 titulo
479 1726 646 1807 conjectari
673 1725 933 1805 licetdialogum
961 1731 1015 1788 aut
1042 1722 1255 1788 laudationem
1283 1722 1453 1802 quamdam

274 1835 412 1900 Isocratis
427 1833 638 1914 Demetriique
655 1832 796 1897 Phalerei
810 1851 903 1896 more·
913 1831 1125 1913 compositam.
1146 1829 1192 1894 De
1210 1831 1393 1911 Pythagora,
1414 1829 1452 1892 de

277 1941 474 2021 Sapientihus
488 1957 660 2020 eorumque
674 1940 763 2006 dictis
777 1940 828 2023 (lr.
842 1940 923 2013 441),
938 1939 980 2020 1),
992 1939 1160 2003 Clearchus
1171 1946 1314 2032 potuerat
1325 1953 1453 2001 narrare

277 2047 309 2112 in
329 2049 418 2112 libris
437 2049 504 2132 Περὶ
519 2051 647 2123 παιδείας
660 2046 728 2128 (ubi
744 2047 782 2112 de
798 2045 1170 2128 gymnosophistarumet
1184 2061 1346 2126 magorum
1361 2050 1452 2108 rotate

276 2172 377 2222 selmo
393 2166 477 2220 eret:
496 2157 532 2217 Ι).
550 2156 582 2216 L.
598 2155 622 2234 1,
637 2155 682 2234 9),
700 2155 768 2239 Περὶ
784 2163 952 2239 παροιμιῶν,
969 2153 1038 2238 Περὶ
1053 2157 1174 2238 γρίφων,
1189 2152 1292 2218 autin
1312 2152 1454 2232 quolibet

277 2279 369 2346 opere
383 2264 453 2345 plus
468 2263 572 2328 minus
590 2262 820 2344 philosophico.
840 2263 984 2326 Ceterum
1005 2277 1075 2341 quse
1095 2266 1264 2343 supersunt
1281 2261 1452 2340 lragnrenta

277 2355 460 2436 clearchum
478 2370 620 2434 indicant
638 2372 820 2455 πολυγράρον
839 2369 935 2432 tuisse
953 2378 985 2431 et
1001 2369 1172 2447 rhetorem,
1191 2367 1375 2433 tabellarum
1390 2374 1453 2432 stu-

277 2477 929 2556 dlosissimum,dicteriorum,mirabilium
941 2476 1095 2557 (utquum
1108 2477 1147 2540 de
1158 2475 1285 2542 Platone
1296 2475 1454 2558 Apollinis

278 2585 355 2666 illio,
377 2593 476 2650 matre
496 2586 619 2666 virgine
640 2591 721 2664 orto,
745 2591 863 2664 narrat,
887 2586 967 2666 apud
992 2587 1027 2648 Ι).
1055 2584 1338 2668 t.1u,a),·p0uus
1356 2599 1452 2666 quarn

277 2690 457 2773 religiosum
474 2691 657 2756 historicum
673 2709 708 2757 ac
724 2691 917 2772 diligentem.

316 2912 364 2974 Ex
388 2911 439 2974 1113
462 2910 548 2975 omni
570 2909 794 2992 disceptatione
812 2916 933 2974 constat
954 2909 1151 2974 Aristotelem
1173 2927 1231 2975 nec
1251 2912 1453 2994 nonprlores

278 3019 343 3098 ejus
368 3019 538 3100 discipulos
562 3019 716 3083 rationem
741 3017 914 3082 instituisse
938 3018 1069 3083 eruditis
1094 3018 1314 3084 Alexandrinae
1338 3020 1452 3084 scholre

277 3127 353 3190 viris
374 3127 578 3206 sequendam,
601 3143 640 3190 ex
661 3143 721 3206 qua
742 3132 847 3191 tamen
869 3127 1008 3208 ipsorum
1029 3117 1142 3209 s'cripta
1165 3129 1307 3192 nondum
1330 3129 1453 3193 exstite-

277 3241 359 3314 rant,
379 3234 440 3298 nisi
459 3251 557 3316 pauca
577 3242 608 3298 et
627 3234 809 3299 adumbrata
823 3255 830 3297 :
846 3234 898 3298 ria
913 3235 1064 3315 patefacta
1078 3242 1156 3316 4131,
1170 3237 1222 3300 sed
1237 3237 1324 3301 rudis
1338 3239 1452 3318 adhuc,

277 3343 393 3406 nedum
410 3342 497 3418 trita3
517 3358 706 3421 quamquam
721 3341 938 3420 Alexandrini,
960 3359 1057 3422 quum
1072 3360 1235 3425 suscepere
1250 3346 1398 3409 continua
1414 3345 1453 3409 de

277 3449 453 3514 litterarum
475 3449 602 3512 historia
625 3466 717 3531 opera
738 3449 941 3530 perficienda,
963 3467 1001 3512 ex
1021 3449 1085 3514 illis
1104 3450 1375 3534 peripateticorum
1398 3470 1453 3516 seu

278 3557 415 3639 quaesitis
433 3575 489 3622 seu
504 3557 703 3622 lineamentis
717 3557 847 3622 multam
864 3564 1014 3639 ceperunt
1029 3560 1066 3623 ad
1083 3559 1303 3624 describendas
1318 3560 1455 3643 philoso-

278 3666 412 3746 phorum
427 3667 561 3748 διαδοχάς
575 3665 753 3730 utilitatem.

318 3772 392 3847 Quae
423 3772 523 3853 prIma
556 3774 594 3836 ab
622 3773 798 3837 Aristotelis
826 3773 987 3855 discipulis
1014 3775 1126 3840 tradita
1155 3782 1372 3858 monumenta,
1398 3795 1454 3858 pro

278 3879 430 3959 cuiusque
445 3879 544 3960 pretio
560 3885 590 3942 et
604 3880 753 3959 utilitate,
769 3880 811 3946 113
825 3898 990 3946 censemus
1002 3883 1239 3950 distribuenda:

321 3987 352 4048 1ο
367 3987 571 4068 Theophrasti
586 3996 705 4071 φυσικῶν
721 3988 809 4065 δοξῶν
823 3989 915 4067 111111,

319 4097 352 4158 2⁰
365 4093 541 4157 Aristoxeni
563 4111 640 4175 opus
659 4095 727 4178 ssepi
742 4099 905 4180 Πυθαγόρου
924 4098 972 4161 καὶ
991 4107 1046 4163 τῶν
1065 4101 1216 4184 γνωρίμων
1231 4101 1324 4178 αὐτοῦ,
1344 4099 1376 4162 111
1392 4117 1454 4179 quo

279 4203 396 4284 διαδοχή
413 4202 676 4282 Pythagoreorum
691 4209 753 4267 tota
769 4203 1001 4284 continebatur3
1422 4208 1424 4212 ’

321 4308 353 4371 3⁰
367 4308 493 4372 Phaniae
507 4309 588 4373 liber
602 4309 671 4394 Περ1
685 4319 741 4373 τῶν
756 4316 961 4396 Σωκρατικῶν,

318 4417 350 4480 4ο
371 4415 558 4480 Pestlmonia
570 4418 713 4497 quredam
724 4436 827 4499 sparsa
840 4419 998 4483 etinvitis
1010 4420 1048 4484 ab
1060 4421 1243 4487 Aristoxeno
1256 4422 1453 4505 conscriptis,

279 4523 363 4587 etin
383 4523 514 4588 dirersis
538 4524 638 4604 libris,
664 4527 751 4590 rarle
776 4527 947 4609 inscriptis,
971 4529 1109 4608 ejusdem
1137 4530 1328 4612 Aristoxeni,
1354 4532 1455 4598 Theo·

278 4629 409 4711 phrasti,
424 4630 606 4710 Dicaearchi,
625 4632 761 4713 Phania,
777 4634 934 4698 clearchi.
955 4642 956 4645 ’
