3622 5708
772 602 933 668 ...27-

262 756 349 802 error
376 746 435 818 est,
464 741 571 820 quales
598 737 773 819 permultos
806 735 995 801 commisit.»
1032 736 1097 800 Neo
1125 751 1190 798 non
1217 732 1328 798 irridet
1356 731 1440 796 idem

260 847 437 912 Bentleium
459 848 563 928 «quod
576 847 781 928 Hermippum
792 845 936 924 credidit,
948 843 1132 926 praeclarum
1147 852 1178 906 et
1192 840 1440 906 eruditissimum

263 947 1433 1034 auctorem,ineodemerrorelnisseatqneQuintilianumetlhemistinm.»

262 1064 301 1125 ht
328 1063 533 1145 Hermippum
563 1063 678 1127 scimus
704 1062 736 1125 in
768 1062 882 1125 multos
910 1061 988 1124 alios
1017 1076 1139 1124 errores
1167 1063 1288 1123 assueta
1320 1053 1440 1136 ingenii

262 1170 434 1234 temeritate
448 1172 570 1252 lapsum
585 1186 671 1246 esse3
688 1185 863 1234 sermonem
884 1168 974 1232 illum
993 1168 1133 1232 isocratis
1150 1174 1204 1231 ant
1219 1166 1324 1230 locum
1344 1162 1441 1229 alium

262 1277 342 1341 alius
357 1278 492 1343 auctoris
510 1279 679 1358 cujuslibet
697 1286 727 1342 et
745 1277 976 1342 inconsiderate
997 1276 1097 1358 potuit
1112 1277 1214 1356 legere
1235 1282 1267 1337 et
1279 1288 1442 1354 perperam

263 1385 452 1465 intelligere;
470 1387 623 1466 Diogenes
637 1403 710 1450 vero
731 1386 764 1449 in
779 1385 926 1449 manibus
940 1392 1024 1448 certo
1045 1401 1108 1447 non
1129 1383 1264 1448 habebat
1280 1373 1441 1460 Hermippi

263 1493 458 1574 scripturam,
480 1502 511 1558 et
531 1511 548 1556 e
566 1494 722 1559 Favorino
742 1494 851 1557 falsam
872 1492 1032 1575 Hermippi
1054 1490 1250 1574 opinionem,
1271 1488 1326 1552 sed
1347 1485 1440 1552 simul

264 1601 473 1682 emendatam,
489 1603 694 1684 transcripsit.

304 1709 463 1791 Hermippi
472 1727 598 1792 prorsus
605 1710 746 1792 reliquIae
753 1711 913 1776 hominem
922 1711 1092 1775 ostendunt
1100 1708 1204 1790 pusilli
1217 1703 1438 1787 animi‚pusilli

263 1811 1438 1898 ingenii,maledicendistudiosnm‚sineacumine,sinejudiciisubtilitate;

260 1923 459 1987 manifestum
478 1925 594 1988 iaciunt
618 1941 692 1988 eum
717 1942 801 1990 nunc
830 1926 1036 2008 excriptorem
1062 1923 1291 1990 imitatoremve
1313 1919 1441 1984 histori-

263 2048 370 2095 corum
385 2031 512 2097 illorum
525 2017 761 2113 isocrateorum,
776 2051 854 2114 quos
868 2033 1003 2098 maxime
1018 2033 1217 2110 delectabant
1236 2037 1267 2093 et
1287 2027 1441 2094 mirabilia

263 2146 294 2202 et
311 2137 431 2203 tabellae
446 2145 477 2202 et
491 2139 599 2204 inania
614 2140 818 2219 deverticula,
840 2157 925 2205 nnnc
941 2143 1096 2221 jacentem
1113 2139 1145 2202 in
1162 2135 1398 2221 pervolutandis
1411 2143 1442 2198 et

262 2246 466 2328 excerpendis
487 2247 663 2328 omnigenis
690 2247 918 2328 voluminibus,
949 2264 1084 2328 qnorum
1106 2263 1145 2308 ne
1168 2251 1291 2309 etatem
1312 2243 1441 2324 quidem

263 2353 431 2434 aliquando
452 2361 593 2429 noverat,
619 2355 734 2436 quibus
760 2362 866 2420 autem
891 2371 1029 2437 persaepe
1050 2354 1181 2419 minima
1210 2353 1287 2416 tides
1308 2352 1441 2416 debebat

263 2461 416 2540 adhiberi,
430 2461 514 2526 inter
526 2480 596 2543 qnae
611 2463 793 2544 dignoscere
809 2481 825 2528 a
841 2464 932 2528 bonis
946 2464 1028 2528 mala
1040 2463 1207 2527 nesciebat.
1222 2463 1441 2543 Καλλιμάχειος

263 2569 489 2651 appellabatur,
504 2572 584 2634 sicut
598 2577 629 2633 et
643 2571 809 2636 historicus
825 2573 911 2650 ister,
928 2572 981 2653 qui
997 2582 1104 2636 servus
1122 2571 1223 2635 luerat
1237 2567 1438 2647 Callimachi3

263 2677 433 2760 Hermippo
462 2685 557 2758 certe,
590 2679 617 2742 si
645 2679 744 2744 libera
771 2679 844 2744 vitae
874 2679 1025 2760 conditio,
1058 2679 1179 2743 servilis
1208 2679 1332 2744 animus
1354 2685 1438 2770 flerat.

262 2785 406 2849 Ceterum
426 2787 536 2851 sedulo
558 2803 594 2850 ac
616 2787 715 2852 multa
733 2786 895 2868 diligentia
923 2788 1009 2852 varia
1035 2787 1225 2868 congerebat
1246 2785 1438 2867 testimonia,

263 2892 303 2956 ita
329 2892 457 2972 quidem
481 2893 593 2974 dignus
620 2893 802 2959 Callimachi
829 2894 1011 2976 discipulus.
1037 2893 1198 2959 «Dubium
1217 2894 1270 2957 vix
1293 2901 1338 2957 est
1360 2893 1437 2973 quin
1498 2901 1507 2922 '

262 3007 345 3064 recte
365 3006 479 3065 statuat
499 3001 652 3066 Prellerns
671 3002 876 3085 Hermippum
896 3004 955 3067 hoc
976 3003 1110 3068 maxime
1126 3003 1237 3083 egisse,
1257 3008 1346 3068 ntea
1368 3020 1439 3082 quae

261 3106 469 3172 Callimachus
483 3108 631 3188 magister
643 3111 751 3190 paucis
766 3117 980 3184 annotaverat,
998 3116 1169 3191 exponeret
1192 3109 1303 3189 insius,
1323 3117 1354 3173 et
1368 3126 1438 3190 quea

261 3214 365 3280 minus
383 3223 466 3280 reete
484 3215 583 3298 posita
603 3223 705 3297 erant,
724 3216 868 3282 deliniret
889 3217 1106 3286 accuratius.»
1131 3217 1178 3296 (C.
1200 3217 1379 3298 Muellerus,
1399 3219 1437 3282 ad

265 3321 341 3402 lrag.
357 3323 423 3404 td.)

303 3429 390 3504 Quod
405 3429 552 3495 subtilius
566 3438 613 3496 est
626 3449 720 3511 quam
734 3432 904 3497 Nietzschii
915 3433 1072 3513 judicium
1087 3433 1166 3498 illud
1189 3435 1259 3512 (hh.
1276 3437 1331 3514 ΙΙΙ,
1348 3435 1435 3512 Ι869,

263 3555 294 3618 p.
324 3539 406 3620 ist),
432 3538 482 3602 cui
505 3538 584 3604 salso
607 3540 733 3605 videtur
760 3541 958 3624 Hermippus,
985 3541 1018 3604 in
1048 3544 1143 3607 verba
1170 3543 1309 3624 magistri
1330 3545 1438 3624 jurare

263 3645 416 3722 addictus,
441 3643 624 3712 Callimachi
650 3647 791 3730 vestigiis
816 3649 909 3713 anxie
932 3649 1092 3730 institisse,
1117 3650 1151 3713 id
1176 3668 1276 3715 unum
1299 3659 1435 3728 mutans,

264 3755 347 3832 qnod
379 3769 443 3818 non
478 3755 516 3819 ad
548 3755 736 3836 litterarum,
763 3758 817 3821 sed
852 3758 890 3822 ad
920 3765 1096 3840 temporum
1122 3747 1264 3822 ordinem
1295 3759 1438 3823 homines

264 3863 293 3922 ἐν
331 3865 442 3948 παιδείᾳ
479 3865 695 3946 διαλάμψαντας
733 3867 947 3930 enumerabat.
982 3866 1080 3941 Quam
1112 3867 1293 3948 opinionem
1331 3867 1438 3948 paucis

264 3968 451 4048 redarguere
466 3968 593 4035 licebit:

304 4076 382 4140 Cum
406 4077 583 4143 Nietzschio
604 4080 732 4160 quidem
757 4087 788 4144 et
810 4080 844 4146 0.
872 4081 1063 4147 Schneidero
1090 4084 1154 4164 (op.
1181 4083 1281 4161 land„
1306 4102 1337 4165 p.
1364 4083 1436 4164 aba)

264 4183 476 4250 consentimus
504 4192 610 4252 contra
637 4187 671 4254 C.
697 4189 880 4253 Muellerum
898 4195 931 4267 (t.
947 4190 995 4270 ΙΙΙ,
1009 4207 1040 4272 p.
1058 4190 1097 4254 35
1122 4194 1217 4270 squ),
1233 4191 1437 4273 Hermippum

263 4291 365 4370 operis
385 4292 434 4357 sui
454 4293 579 4358 finxisse
596 4293 722 4359 titulum
742 4297 779 4360 ad
799 4296 926 4362 titulum
947 4297 1049 4379 operis
1069 4296 1283 4378 Callimachei,
1302 4305 1334 4362 et
1352 4299 1437 4364 huuc

262 4398 389 4463 titulum
411 4401 496 4482 operi
516 4419 573 4466 suo
592 4419 665 4466 vere
688 4403 900 4486 inscripsisse:
917 4409 977 4470 Βίοι
995 4416 1049 4469 τῶν
1065 4409 1094 4469 ἐν
1109 4409 1220 4492 παιδείᾳ
1237 4407 1303 4488 (aul
1317 4410 1346 4469 ἐν
1361 4413 1437 4492 πάσῃ

262 4510 384 4594 παιδείᾳ)
405 4511 625 4589 διαλαμψάντων
644 4510 692 4592 (ΙΙΙ
711 4519 838 4594 apparel
856 4529 873 4575 e
893 4514 931 4576 fr.
948 4516 985 4576 hl
1010 4521 1040 4576 el
1055 4515 1093 4577 72
1108 4514 1254 4594 collatis).
1271 4514 1331 4578 Sed
1347 4515 1436 4579 illum

262 4613 441 4678 distinxisse
473 4622 518 4679 tot
548 4617 709 4696 generales
741 4627 842 4700 partes
880 4627 956 4700 quot
994 4620 1201 4686 Callimachus
1240 4622 1436 4701 distinxerat,

263 4721 429 4787 artificiose
447 4724 555 4788 statuit
575 4725 771 4790 Nietzschlus
789 4743 824 4790 ac
847 4727 969 4791 levibus
988 4729 1198 4808 argumentis:
1222 4746 1293 4794 nam
1315 4730 1438 4795 facilins

262 4836 309 4893 est
327 4831 445 4912 tingere
466 4833 674 4914 fragmentum
696 4835 734 4899 de
753 4835 933 4916 Thucydide
951 4837 1002 4917 (tr.
1019 4837 1070 4918 at)
1088 4845 1268 4919 excerptum
1286 4837 1380 4902 luisse
1399 4856 1437 4903 ex
