3622 5708
888 572 1047 636 ,32-

381 704 592 784 refellebatur,
617 707 703 772 nulla
725 713 770 771 est
791 707 909 771 mentio
931 706 964 770 in
988 707 1042 771 illo
1065 708 1219 773 Aristonis
1244 709 1349 774 indice
1367 710 1416 792 (u.
1435 711 1470 773 L.
1487 713 1548 792 vil,

383 813 452 896 tot)
467 817 505 879 de
520 832 581 895 quo
597 815 689 896 paulo
704 814 958 896 supradiximus.
974 815 1064 880 Forte
1078 833 1142 880 non
1162 817 1311 882 audacius
1325 818 1385 882 erit
1398 818 1548 901 suspicari

378 921 553 986 Aristonem
574 922 652 986 vitas
677 929 707 986 et
730 921 1016 1004 peripateticorum,
1041 931 1071 986 et
1096 924 1257 1004 Heracliti,
1282 925 1420 1006 Epicuri,
1446 927 1548 992 lorsan

380 1030 524 1104 aliorum,
540 1029 605 1094 sive
621 1030 652 1092 in
674 1029 970 1110 Ὑπαμαημονεύμασιν
986 1032 1082 1094 trium
1096 1031 1264 1108 libroruin,
1280 1032 1345 1096 sive
1361 1032 1393 1096 in
1412 1032 1550 1115 Ὑπομνή-

351 1159 357 1186 ·
380 1161 461 1217 μασιν
483 1137 663 1219 quindecim
686 1137 850 1215 librorum,
873 1155 946 1202 vere
969 1137 1131 1219 historice,
1156 1155 1227 1204 rere
1248 1149 1390 1223 κριτικῶς,
1411 1148 1551 1206 ceterum

377 1245 445 1310 sine
465 1245 565 1309 multo
587 1245 710 1326 ordine,
732 1245 813 1309 sicut
828 1252 963 1326 parerat
978 1244 1011 1308 in
1027 1246 1206 1326 hujusmodi
1222 1247 1305 1311 tituli
1322 1265 1428 1329 opere,
1444 1255 1553 1315 tracta·

377 1352 469 1418 visse.
487 1353 585 1434 Huius
597 1351 754 1434 praecipue
769 1351 864 1434 ampli
880 1353 1061 1434 quindecim
1080 1354 1233 1419 librorum
1249 1356 1464 1420 commentarii
1480 1373 1550 1437 pars

377 1463 519 1543 quadarn
545 1461 692 1543 Epicuro,
720 1461 862 1541 quaedam
891 1461 1061 1540 Heraclito,
1091 1462 1151 1526 alia
1181 1461 1315 1542 Platoni,
1339 1463 1548 1546 peripateticis

375 1569 531 1652 prioribus
543 1569 615 1648 alia,
631 1567 767 1632 dedicati
782 1569 894 1649 potuit.
910 1568 977 1643 Quo
993 1569 1024 1632 in
1041 1587 1135 1651 opere
1145 1571 1259 1651 passim
1270 1570 1439 1652 perscripta
1452 1571 1547 1636 inisse
1583 1573 1586 1580 '

374 1677 514 1759 suspicor
539 1693 602 1740 non
626 1674 727 1739 solum
751 1682 884 1756 quatuor
905 1676 1191 1757 peripateticorum,
1217 1679 1270 1740 sed
1294 1678 1389 1741 etiam
1418 1678 1545 1758 Epicuri

376 1791 570 1862 testamenta,
587 1801 645 1848 noc
661 1800 723 1847 non
746 1784 909 1865 epistolam
930 1783 1056 1865 Epicuri
1080 1785 1243 1848 morientis
1265 1786 1304 1850 ad
1333 1786 1545 1866 idomeneum,
1570 1825 1572 1834 ι

375 1912 444 1975 quae
468 1893 570 1957 statim
592 1892 733 1971 ejusdem
755 1898 937 1978 testamento
953 1895 1034 1974 apud
1052 1893 1211 1957 ltaertium
1226 1892 1390 1973 subjicitur
1406 1914 1413 1955 ι
1431 1910 1543 1975 nempe

375 2003 459 2066 inter
469 1999 621 2064 Aristonis
635 1999 827 2063 mentionem
852 1999 880 2080 (3
906 2000 952 2076 li)
974 2007 1067 2080 atque
1092 2002 1157 2065 haec
1178 2003 1240 2065 duo
1261 2001 1414 2082 Epicurea
1434 2017 1544 2065 monu-

374 2116 478 2173 menta
502 2109 528 2188 (S
554 2108 667 2188 tit-22),
691 2105 770 2168 nihil
793 2105 878 2169 aliud
894 2107 1033 2171 medium
1048 2116 1094 2171 est
1111 2108 1171 2172 nisi
1190 2116 1369 2191 excerptum
1385 2106 1543 2188 quoddam

374 2233 412 2279 eu
430 2217 617 2296 Apollodoro
633 2218 870 2301 chronographo
886 2220 1083 2298 desumptum
1103 2216 1129 2297 (Ξ
1150 2218 1263 2294 lli-ld),
1279 2216 1383 2280 hrevis
1397 2215 1545 2298 deinceps

374 2342 412 2387 en
434 2324 602 2406 Hermippo
627 2326 714 2389 locus
738 2327 766 2408 (g
789 2327 904 2406 idio),
932 2324 1047 2390 Laertii
1073 2324 1209 2403 denique
1233 2323 1330 2405 ipsius
1352 2323 1543 2405 epigramma

375 2433 401 2514 (ξ
419 2435 480 2510 ih).
496 2469 535 2480 -
549 2431 636 2507 Quod
657 2434 682 2495 si
705 2433 806 2515 ipsum
830 2433 957 2516 Hpicuri
978 2438 1199 2496 testamentum
1219 2432 1257 2495 ab
1276 2429 1430 2494 Aristonis
1451 2447 1545 2513 opere

372 2549 487 2616 manat,
505 2559 567 2604 non
583 2541 710 2605 aliunde
725 2559 853 2606 manare
861 2540 997 2606 Platonis
1007 2557 1130 2620 quoque
1140 2545 1364 2602 testamentum
1374 2523 1544 2602 verisimile

370 2655 426 2713 est.
444 2649 497 2713 Sin
513 2656 617 2713 autem
632 2649 744 2712 desunt
759 2647 921 2730 Speusippi
937 2649 1087 2728 illiusque
1102 2646 1135 2710 in
1148 2647 1313 2711 Academia
1329 2663 1542 2710 successorum

370 2759 511 2836 διαθῆκαι,
528 2755 559 2819 id
574 2773 647 2820 sane
662 2757 777 2822 iactum
792 2764 838 2820 est
852 2757 924 2838 quia
938 2755 1038 2820 Aristo
1055 2755 1121 2835 illa,
1135 2754 1168 2818 in
1189 2755 1322 2836 privatis
1337 2753 1542 2818 ahdita'tahu·

371 2863 469 2943 iuriis,
485 2865 621 2947 reperire
637 2883 699 2928 non
715 2871 871 2946 potuerat.
1451 2865 1454 2870 “

410 2975 546 3055 Apparet
559 2972 654 3052 igitur
668 2979 825 3037 auctorem
841 2972 993 3055 imprimis
1009 2972 1189 3052 religiosum
1205 2988 1240 3036 ac
1255 2977 1375 3034 certum
1389 2971 1427 3034 de
1442 2969 1543 3051 pinio-

370 3082 539 3162 sophorum
562 3080 692 3144 historia
715 3081 806 3144 luisse
828 3080 1005 3144 Aristonem
1027 3078 1135 3156 Caum,
1158 3095 1252 3158 quern
1275 3077 1308 3140 in
1328 3076 1487 3156 manibus,
1509 3084 1544 3140 ut

369 3188 505 3266 videtur,
527 3189 683 3252 habehant
705 3194 735 3252 et
756 3187 955 3270 Hermippus,
976 3195 1017 3266 et,
1040 3195 1109 3268 post
1129 3187 1345 3267 Hermippum,
1369 3184 1466 3262 Solio,
1488 3184 1541 3265 qui

369 3314 441 3362 eum
464 3297 501 3360 de
530 3297 684 3360 Heraclito
705 3297 852 3360 laudabat
872 3296 921 3377 (D.
947 3297 981 3358 L.
1003 3295 1054 3374 lli,
1076 3298 1120 3371 5).
1143 3296 1207 3358 Neo
1228 3294 1333 3358 minus
1356 3300 1484 3375 apparet
1504 3294 1542 3356 ah

369 3405 526 3482 Aristone,
556 3403 760 3485 Theophrasti
788 3411 819 3466 et
843 3402 1018 3466 Aristotelis
1045 3401 1173 3480 aemulo,
1213 3401 1352 3465 studium
1384 3400 1543 3465 historicae

368 3510 587 3592 indagationis,
613 3529 630 3576 a
652 3512 794 3575 Stratone
820 3518 850 3573 et
873 3511 996 3590 Lycone
1021 3511 1184 3591 neglectae,
1211 3509 1293 3590 apud
1322 3507 1543 3590 peripateticos

300 3660 302 3664 -
369 3622 673 3685 instauratumesse.
1366 3603 1368 3606 ’

868 4197 989 4260 CAPUT
1011 4197 1050 4262 Vl

448 4397 500 4458 De
519 4390 663 4470 Διαδοχῶν
683 4395 936 4468 scriptoribus.
955 4425 991 4436 —-
1010 4392 1151 4453 ceteris
1169 4392 1281 4452 aetate
1299 4372 1461 4464 priorem
1553 4394 1555 4402 ’

807 4506 891 4554 esse
911 4493 1103 4553 Sotionem.

408 4695 462 4761 His
481 4691 544 4759 lere
564 4677 759 4758 documentis
778 4699 809 4756 et
828 4692 1026 4758 lineamentis
1046 4709 1120 4758 usus
1138 4695 1185 4755 est
1203 4689 1255 4770 qui
1271 4689 1390 4772 primus
1405 4691 1539 4773 διαδοχὴν
1592 4743 1595 4746 .

368 4810 421 4870 aui
435 4799 637 4887 &eudoxiopolim
651 4804 809 4886 φιλοσόφων
824 4802 959 4866 scrihere
974 4799 1122 4866 instituit.
