3622 5708
771 625 931 689 ..75-

309 760 616 840 hilcobttlttJS‚aetatis
628 760 754 825 incertae
764 761 943 843 scriptiones
959 760 1084 861 Ὁμοίοις
1096 764 1248 848 ἱστορικοῖς
1258 766 1433 847 κεφαλαίοις,

270 866 383 931 citatur
397 867 436 930 de
450 868 653 950 Theophrasti
667 885 756 932 seruo
771 873 802 932 et
816 868 981 951 discipulo,
998 869 1125 934 nomine
1140 872 1284 952 Pompylo
1304 872 1355 952 (v,
1371 871 1435 952 36),

271 1009 308 1020 -
322 976 361 1039 de
375 973 501 1057 Epicuri
515 991 604 1039 servo
620 982 651 1039 et
665 975 830 1058 discipulo,
847 976 897 1041 oui
914 993 1032 1041 nomen
1048 978 1111 1058 llys
1124 984 1191 1042 erat
1204 978 1244 1059 (x
1272 978 1314 1060 3).

755 1599 878 1666 CAPUT
899 1601 951 1666 llll
991 1585 995 1592 ⁵

721 1830 988 1895 conclusio.

308 2066 382 2142 Quae
401 2066 558 2149 praecipua
579 2067 694 2131 uostris
715 2084 733 2130 e
754 2066 1016 2149 disputationibus
1034 2083 1163 2133 manare
1183 2067 1349 2134 videantur
1369 2069 1438 2132 bre·

269 2175 348 2240 viter
361 2176 546 2241 contrahere
563 2175 654 2240 nobis
667 2183 823 2258 postremo
837 2175 941 2241 liceat.

309 2282 434 2348 Constat
455 2282 537 2365 apud
554 2290 675 2347 ueteres
696 2281 847 2347 exstitisse
862 2283 1012 2362 diversas,
1027 2289 1090 2346 tres
1108 2282 1218 2346 saltem
1238 2298 1382 2359 numero,
1399 2283 1437 2346 de

268 2389 526 2473 pbilosophorum
567 2390 804 2456 continuatione
846 2390 1016 2468 doctrinas,
1062 2397 1135 2464 tres,
1180 2389 1261 2465 (lico,
1299 2388 1438 2454 rationes

269 2498 425 2563 sentiendi
441 2504 534 2580 atque
547 2501 725 2581 exponendi
744 2516 806 2580 quo
828 2515 867 2562 ex
885 2499 996 2562 ordine
1016 2497 1241 2581 philosophicae
1258 2497 1436 2562 Graecorum

268 2606 431 2671 sententia
445 2607 514 2672 aliae
534 2624 572 2670 ex
590 2607 660 2671 aliis
679 2613 754 2671 ortae
773 2608 900 2672 luerint.
917 2606 999 2670 Num
1019 2624 1112 2689 supra
1133 2611 1193 2670 tres
1212 2605 1330 2669 luerint
1348 2604 1436 2686 igno·

268 2732 387 2795 ramus,
402 2715 517 2798 quippe
537 2715 592 2796 qui
612 2717 650 2780 de
667 2715 799 2796 tasonis,
814 2715 912 2796 lliciae
926 2715 1097 2781 Nicaeensis
1115 2733 1151 2780 ac
1169 2714 1330 2780 Sosicratis
1343 2695 1437 2778 ratio·

269 2823 361 2888 uibus
385 2823 466 2887 nihil
487 2824 616 2888 omuino
636 2824 786 2900 sciamus3
812 2841 870 2889 nec
890 2824 988 2906 magis
1009 2823 1180 2905 quidquam
1202 2824 1241 2888 de
1261 2819 1437 2887 Philodami

268 2931 388 2996 ratione
411 2938 604 3014 compertum
624 2932 788 3011 babemus,
810 2931 959 3012 quoniam
973 2949 1011 2995 ex
1032 2932 1125 3012 hujus
1147 2947 1240 3012 opere
1259 2937 1322 2994 tres
1335 2930 1437 2994 solum

269 3039 413 3103 novimus
442 3045 544 3121 partes
571 3040 609 3103 de
638 3039 736 3104 tribus
763 3039 866 3119 sectis,
894 3039 1094 3120 Academica,
1122 3038 1239 3118 Stoica,
1270 3036 1436 3120 Epicurea,

268 3163 401 3226 quarum
414 3146 501 3213 nulla
515 3147 680 3228 quaestioui
695 3148 888 3229 disputandos
903 3147 1061 3229 praebebat
1076 3145 1250 3210 materiem.

307 3254 420 3341 Contra
436 3255 563 3336 quidem
572 3255 693 3320 diversa
705 3255 898 3337 comprobari
914 3260 1058 3336 poterant
1069 3271 1104 3318 ac
1115 3270 1224 3318 revera
1236 3253 1434 3335 comprobata

267 3363 417 3426 luerunt:
441 3364 472 3425 l⁰
495 3363 534 3426 de
558 3379 641 3428 nexu
670 3368 701 3426 et
728 3363 923 3427 successione
950 3361 1209 3445 philosophorum
1237 3360 1435 3443 physicorum

268 3469 403 3534 Socratis
422 3476 511 3535 aetatc
524 3470 678 3552 priorum,
692 3506 732 3516 -
745 3471 778 3534 2⁰
792 3471 830 3534 de
845 3469 1074 3535 Socraticorum
1093 3468 1263 3546 minorum,
1279 3466 1434 3550 praecipue

267 3577 453 3658 Cynicorum
467 3585 498 3641 et
511 3579 747 3660 Megaricorum,
760 3577 944 3644 auctoritate
954 3579 1036 3661 apud
1047 3577 1225 3642 exorientes
1235 3583 1333 3640 sectas
1345 3582 1435 3639 aetate

267 3685 425 3750 Aristoteli
440 3686 615 3767 inferiores,
630 3687 784 3768 imprimis
797 3687 962 3769 scepticam
978 3694 1009 3751 et
1022 3689 1163 3752 stoicam.

307 3793 350 3857 De
364 3794 541 3873 hujusmodi
557 3795 781 3876 quaestionibus
794 3795 877 3860 inter
890 3812 923 3860 se
943 3795 1130 3860 dissentiunt
1146 3800 1287 3859 auctores
1301 3807 1434 3874 quorum

266 3916 402 3966 summas
416 3903 553 3967 rationes
567 3903 712 3969 novimus
720 3925 729 3982 ;
745 3904 831 3985 atqui

311 4008 341 4070 l⁰
358 3985 596 4088 inconscissus,
613 4011 684 4074 dein
699 4011 799 4076 multo
818 4012 973 4094 posterior
987 4013 1200 4089 hurrsruuuus,
1214 4006 1435 4091 peripateticus

266 4121 297 4178 et
311 4113 389 4196 ipse,
405 4115 478 4180 satis
492 4117 627 4182 fideliter
640 4117 814 4184 Aristotelis
826 4119 967 4200 uestigiis
981 4118 1169 4182 insistebant
1178 4138 1191 4195 ;Ι

305 4223 339 4286 2⁰
361 4223 539 4288 Hrunoaorus
553 4231 584 4289 et
598 4226 774 4291 neritinus
787 4227 979 4306 Pourursrou‚
996 4226 1160 4308 Megaricis
1174 4226 1322 4299 latentes,
1340 4219 1435 4286 simul

213 4305 220 4332 '
267 4337 384 4396 ceteras
403 4331 524 4397 scholas
544 4331 682 4397 minores
700 4336 883 4415 premendo,
906 4336 943 4399 ab
965 4333 1019 4400 illa
1042 4334 1143 4398 solum
1162 4339 1244 4397 secta
1266 4332 1435 4396 censebant
1478 4373 1481 4378 -

267 4438 423 4504 doctrinas
437 4446 503 4504 tum
517 4441 727 4521 Pyrrhoneam
744 4450 809 4506 tum
823 4441 957 4507 Stoicam
973 4441 1128 4523 originem
1142 4439 1286 4517 durisse3

306 4543 339 4607 3ο
363 4545 406 4610 nb
420 4548 559 4628 utrisque
577 4548 764 4613 abhorrebat
784 4549 881 4628 Sorro,
901 4549 955 4630 qui
970 4551 1047 4614 duas
1065 4547 1160 4612 series
1174 4546 1433 4629 pbilosophorum

267 4653 617 4736 discernebat‚1alteram
638 4671 676 4719 ex
689 4655 814 4735 loniciS,
837 4655 966 4721 alteram
980 4673 1018 4720 er
1033 4655 1147 4719 ltalieis
1165 4662 1275 4726 ortam,
1293 4652 1433 4734 alioquin

267 4760 345 4826 duos
368 4760 521 4826 solitarios
541 4762 753 4845 philosophos,
776 4763 967 4829 Heraclitum
990 4769 1022 4828 et
1050 4765 1288 4846 Xenophanem,
1315 4761 1395 4826 idem
1417 4778 1434 4825 a
