3622 5708
793 597 944 660 ...49-

283 732 409 812 quidem
423 730 477 796 illa
494 732 532 796 ad
548 737 730 810 argumenta
746 729 879 807 diversa,
896 747 998 811 neque
1015 737 1135 795 tautum
1146 731 1184 795 ad
1196 731 1455 815 philosophorum

284 838 516 904 successiones:
539 844 623 920 patet
646 838 725 901 vitas
750 845 782 902 et
805 841 925 914 πίνακας
952 838 986 902 iu
1015 855 1108 920 opere
1135 837 1282 904 Sotioneo
1310 857 1454 922 magnam

284 951 404 1028 partem
432 945 602 1010 obtinuisse
612 966 621 1022 ;
652 945 757 1026 itaque
784 945 974 1027 Eunapium,
1003 945 1058 1026 qui
1086 944 1119 1010 id
1147 946 1180 1010 iu
1208 947 1354 1013 manibus
1387 966 1452 1014 non

285 1054 444 1134 hahuisse,
458 1054 538 1118 lama
549 1060 671 1118 tautum
686 1053 810 1118 novisse
823 1071 888 1117 non
903 1053 1055 1117 mediocri
1067 1053 1105 1135 (²)
1119 1053 1256 1130 videtur,
1279 1072 1343 1121 non
1362 1057 1455 1123 mira-

286 1162 392 1226 bimur
410 1161 566 1227 dicentem
591 1169 621 1225 el
646 1165 795 1246 ριλόοορον
815 1164 936 1247 ἱστορίαν
961 1161 1007 1243 (ld
1031 1169 1078 1225 est
1099 1164 1246 1248 διαδοχάς)
1265 1173 1296 1229 et
1316 1168 1381 1242 τοὺς
1400 1175 1455 1230 τῶν

288 1274 448 1355 φιλοσόφων
466 1275 571 1356 ἀνδρῶν
587 1273 665 1348 βίους
680 1287 696 1334 a
712 1269 841 1334 Sotione
855 1269 949 1334 luisse
964 1270 1128 1353 explicata.

326 1378 486 1461 Reliquias
500 1378 627 1444 illarum
641 1381 787 1460 Διαδοχῶν
801 1376 843 1442 ita
858 1377 965 1442 licebit
980 1377 1146 1462 disponere
1161 1398 1169 1460 ;

719 1589 725 1602 =
779 1567 842 1620 1.-
858 1568 970 1626 Πίνακες.

332 1703 358 1765 Ι.
375 1701 412 1766 Ι).
430 1702 465 1766 L.
480 1701 555 1781 vm,
571 1703 601 1766 7.
617 1737 655 1748 —
677 1700 866 1786 Ἡρακλείδης
885 1705 899 1765 δ
917 1710 964 1766 τοῦ
991 1707 1175 1788 Σαραπίωνος
1199 1706 1229 1769 ἐν
1252 1717 1288 1793 τῇ
1309 1711 1458 1786 Σωτίωνος

290 1812 409 1897 ἐπιτομῇ
423 1831 430 1870 ι
442 1810 622 1890 Pythagorae
632 1809 724 1889 πίναξ,
738 1810 790 1889 qui
808 1816 935 1874 testatur
950 1810 1112 1891 ingenium
1127 1812 1160 1878 iu
1176 1815 1272 1879 ardua
1287 1816 1459 1896 quaestione

289 1935 353 1982 nen
368 1935 495 2000 prorsus
509 1920 635 2002 ἄκριτον.

262 2105 265 2109 ἡ
330 2025 360 2090 2.
378 2026 413 2091 D.
430 2025 465 2088 L
476 2025 550 2104 Vm
565 2027 670 2090 58.—
634 2024 841 2110 -Ἡρακλείδ
842 2027 907 2104 ηςὸ
922 2047 969 2090 τοο
984 2031 1167 2112 Σαραπίωνος
1181 2031 1275 2115 ετέρου
1291 2058 1372 2117 φησιν
1387 2061 1410 2100 τι
1414 2061 1458 2101 ιαι

289 2135 341 2208 τὰς
354 2135 515 2218 τραγῳδίας
529 2132 709 2214 Empedocli
725 2131 867 2197 tribulas.

330 2240 359 2302 3.
376 2241 413 2305 Ι).
431 2241 465 2303 L.
480 2240 516 2320 ΙΙ,
531 2241 636 2304 85.-
653 2242 794 2304 Σωτίων
783 2263 811 2303 εν
826 2243 904 2304 δευτὲ
891 2265 946 2324 ρῳ
960 2243 1007 2304 καί
1023 2246 1192 2320 Παναίτιοςι
1209 2244 1355 2332 Aristippi
1367 2253 1460 2331 πίναξ.

306 2405 309 2410 ,
331 2349 362 2411 ll.
378 2349 415 2411 D.
432 2348 466 2411 L.
483 2348 533 2426 vl,
549 2347 599 2412 80.
617 2383 653 2394 -·
670 2351 785 2410 Σωτίων
800 2350 881 2430 ἐντῷ
896 2351 1024 2430 eteopp:
1041 2350 1188 2430 Diogenis
1202 2353 1302 2433 cynici
1318 2359 1411 2437 πίναξ.

330 2457 361 2518 5.
380 2456 453 2519 Alit.
468 2456 519 2533 xl,
534 2474 567 2536 p.
581 2456 641 2520 505
654 2456 684 2519 b.
701 2491 740 2501 —
755 2459 853 2531 Νικίας
868 2458 987 2531 Νικαεὺς
1000 2459 1047 2520 καὶ
1062 2461 1177 2522 Σωτίων
1191 2481 1198 2519 :
1216 2469 1288 2526 ante
1303 2464 1461 2533 Socratem

293 2564 451 2643 dialogum
477 2563 629 2627 sermonis
651 2563 781 2626 lormam
805 2562 968 2626 invenerat
993 2564 1197 2631 Alexamenes
1218 2570 1321 2636 Teius.
1339 2610 1375 2620 -
1395 2577 1460 2642 Hoc

293 2680 395 2736 autem
411 2677 482 2735 ante
497 2670 567 2734 illos
587 2676 748 2734 notaverat
763 2669 944 2734 Aristoteles
959 2671 990 2733 in
1004 2671 1127 2753 dialogo
1143 2677 1211 2760 Περὶ
1226 2689 1349 2758 ποιητῶν
1361 2682 1460 2766 (Alb,

293 2777 354 2842 loo.
371 2777 436 2856 cit.;
455 2777 490 2841 D.
508 2778 545 2842 L'.
559 2777 608 2857 lll,
623 2777 677 2855 t83
693 2776 958 2860 r.Bal1nsoh.,p.
976 2778 1037 2861 tc).

333 2886 366 2949 ln
382 2884 584 2950 conficiendis
597 2884 754 2949 indicibus
771 2884 931 2950 Sotionem
949 2885 1045 2950 luisse
1059 2887 1152 2954 simdl
1168 2898 1199 2955 et
1212 2899 1460 2966 antecessoribus

291 2992 356 3058 suis
370 2993 561 3058 severiorem
575 3000 606 3056 et
619 2993 738 3074 Satyro,
754 2992 901 3069 Panaetio,
919 2992 1072 3058 Sosicrate
1087 2997 1271 3083 faciliorem,
1287 3003 1368 3072 hene
1381 3007 1460 3074 vidit

291 3099 488 3166 Nietzschlus
502 3101 576 3182 (llll.
591 3101 646 3182 ltl.,
665 3100 753 3180 leco,
769 3118 803 3182 p.
822 3099 960 3180 tur-188,
980 3101 1060 3186 193).

759 3293 791 3344 ll.
804 3318 831 3330 -
848 3291 998 3360 Ὁμώνυμοι.

336 3428 370 3490 D.
387 3418 422 3491 L
437 3426 461 3506 Ι,
476 3425 527 3490 98.
540 3407 583 3474 ¹-
597 3430 711 3490 Σωτίων
725 3429 773 3490 καὶ
794 3426 983 3512 Ἡρακλείδης
1000 3432 1048 3494 καὶ
1066 3437 1202 3518 Παμφίλη
1222 3438 1251 3500 ἐν
1270 3443 1335 3505 κτλ,
1350 3403 1362 3506 ἰ
1383 3445 1461 3513 duos

293 3533 389 3599 luisse
412 3533 611 3613 Periandros,
640 3540 807 3615 tyrannum
836 3534 981 3616 alterum,
1012 3537 1144 3604 alterum
1173 3559 1249 3608 vero
1276 3549 1460 3636 sapientem,

295 3657 429 3723 eumque
443 3639 676 3706 Ambracioten.

729 3820 773 3873 ΙΙΙ.
785 3847 816 3858 -·
829 3821 1026 3890 Ἀποφθέγματα.

339 3967 366 4031 Ι.
382 3965 419 4030 Ι).
435 3965 471 4029 L.
485 3965 519 4038 ΙΙ,
537 3965 587 4028 rt.
602 3997 641 4011 -
655 3962 830 4046 Aristippus
844 3967 950 4049 ἐχρῆτο
968 3967 1016 4030 καί
1034 3968 1114 4032 Λαίδι
1130 3983 1165 4056 τῇ
1185 3975 1292 4063 ἑταίρᾳ,
1309 3987 1382 4046 καθά
1395 4009 1460 4071 punt

296 4077 410 4138 Σωτίων
433 4075 463 4136 ἐν
485 4081 525 4153 τῷ
550 4074 669 4156 δευτέρῳ
693 4081 747 4135 τῶν
768 4074 927 4151 Διαδοχῶν.
947 4072 1071 4139 Dictum
1091 4078 1233 4159 sequitur
1252 4082 1400 4174 Aristippi
1421 4097 1461 4161 de

297 4181 404 4261 Laide,
420 4177 540 4244 Sotioni
555 4177 812 4258 adscribendum
827 4181 963 4259 -quod
980 4181 1045 4260 jam
1059 4185 1322 4258 confirmabimus.

325 4422 356 4489 (¹)
371 4426 429 4474 liam
437 4421 488 4474 uim
500 4421 582 4474 inesse
594 4421 708 4485 suspicor
719 4403 794 4472 verbo
803 4423 921 4488 φαίνεται.
932 4425 1048 4476 ceterum
1060 4425 1134 4477 hec
1127 4441 1180 4491 ipsa
1192 4439 1251 4484 sunt
1261 4437 1365 4503 eunapii
1375 4446 1461 4498 verba·

296 4501 346 4568 Τὴν
362 4505 493 4572 φιλόσοφον
508 4504 616 4571 ἱστορίαν
628 4503 670 4554 κα)
685 4519 789 4559 τους
755 4511 789 4553 τ
790 4521 802 4553 ν
817 4503 955 4569 φιλοσόφων
971 4499 1064 4572 ἀνδρῶν
1080 4509 1146 4573 βίους
1161 4515 1295 4608 Πορρύριος
1311 4523 1353 4574 καὶ
1368 4528 1463 4579 Σωτρω,

298 4581 367 4637 &vett
369 4589 461 4644 ξαντα·
481 4580 561 4636 ἅλ’)
549 4604 563 4635 ο
583 4582 626 4648 μὲν
645 4582 781 4649 Πορφύριος
800 4580 875 4646 (οὕτω
893 4582 1039 4649 σνμὸοίν)’
1020 4605 1052 4643 τις
1070 4589 1192 4644 Πλάτωνα
1213 4589 1325 4653 ἐτελεύτα
1345 4605 1386 4657 κα)
1408 4602 1463 4668 τοὺς

297 4660 389 4717 ἐκείνου
402 4663 512 4731 χρίνους,
526 4663 621 4714 Σωτίων
637 4661 664 4714 δὲ
681 4681 723 4714 και
711 4662 845 4719 καταὸὰς
862 4663 978 4727 φαίνεται,
996 4667 1075 4718 καίτοι
1087 4687 1114 4733 γε
1130 4669 1315 4744 ὁΠορφύριος
1302 4701 1332 4745 ην
1343 4687 1463 4756 νεώτερος,

295 4749 329 4798 lle
344 4745 477 4808 Porplrprlo
493 4744 645 4803 onustatus
661 4742 762 4796 Sotiono
778 4743 891 4808 ratetum
908 4743 935 4796 id
947 4749 984 4796 est
996 4747 1160 4815 Porphyrium
1174 4756 1205 4807 de
1218 4758 1272 4810 risu
1276 4756 1421 4822 ,Sdtionem
1434 4787 1464 4824 ex
1540 4793 1550 4821 ·.

297 4825 364 4878 lama
376 4829 480 4877 noverat
493 4823 628 4889 Eunoplus.

1268 4960 1283 5014 t
