3622 5708
873 573 1034 634 ...12-

408 706 522 771 Tenuit
536 705 619 770 idem
635 707 668 770 in
682 707 804 789 scriptis
818 709 882 772 suis
896 707 1076 772 institutum
1086 709 1272 772 Hnntuurons
1287 710 1439 787 Poorreus,
1452 708 1539 787 cujns

367 829 498 892 opernm
519 813 614 878 index
634 832 650 878 a
674 814 797 880 Laertio
819 823 959 882 servatus
982 817 1039 880 hos
1062 815 1208 898 proponit
1233 813 1341 881 titulos
1362 814 1538 882 Aristotelis

367 919 565 1002 disciplinam
586 921 679 1003 plano
702 922 907 988 redolentes:
934 926 1003 1008 Περὶ
1028 932 1084 987 τῶν
1109 926 1321 1007 Πυθαγορείων,
1348 921 1535 1006 Ἡρακλείτου

367 1028 529 1109 ἐξηγήσεις,
540 1032 618 1114 Πρὸς
632 1034 677 1094 τὀν
692 1035 869 1116 Δημόκριτον
885 1031 1047 1114 ἐξηγήσεις,
1061 1038 1092 1094 et
1105 1031 1244 1112 dialogos
1259 1035 1334 1115 Πρὸς
1350 1033 1536 1114 Δημόκριτον,

370 1139 443 1221 Πρὸς
456 1140 491 1200 τὰ
505 1142 644 1218 Ζήνωνος,
661 1142 736 1223 Πρὸς
750 1141 786 1203 τὰ
800 1144 955 1224 Μήτρωνος
970 1140 1086 1221 (forsan
1100 1139 1302 1225 Μητροδώρου,
1321 1146 1429 1203 conlna
1444 1155 1538 1219 quom

366 1244 532 1326 scripserat
550 1245 805 1328 Theophrastus:
825 1246 898 1310 vide
916 1247 1023 1328 inira).
1046 1247 1171 1312 Frustra
1189 1247 1318 1328 quidem
1338 1246 1536 1321 lieswenius.

365 1349 399 1415 in
413 1351 573 1419 luculenta
589 1356 628 1419 de
642 1355 770 1419 Pontico
785 1354 948 1419 Heraclide
968 1355 1184 1420 dissertatione
1195 1355 1245 1436 (¹),
1260 1357 1393 1436 prohare
1409 1361 1538 1421 conatus

366 1468 412 1525 est
430 1462 508 1526 duos
529 1460 625 1526 lihros
644 1463 713 1546 Περὶ
734 1465 802 1540 βίον
823 1463 977 1528 clarorum
998 1463 1138 1527 virorum
1155 1463 1235 1528 ritas
1255 1464 1537 1544 comprehenderam

363 1586 441 1650 quos
461 1568 557 1633 lihros
578 1568 712 1651 physicis
735 1576 925 1635 annumerat·
943 1570 1093 1652 operibus
1117 1569 1212 1634 index
1236 1569 1430 1644 Laertianus,
1457 1587 1537 1648 non,

365 1675 555 1754 dividetur,
579 1675 754 1755 temerarie,
777 1675 892 1758 quippe
916 1676 970 1757 qui
995 1693 1123 1741 manum
1144 1676 1281 1741 declaret
1302 1675 1537 1757 prudentissimi

365 1783 525 1862 cuiusdam
542 1782 783 1864 pinacographi3
805 1800 879 1848 sane
899 1783 932 1847 in
952 1784 1016 1848 illis
1030 1784 1102 1848 ritae
1117 1801 1231 1864 genera
1246 1784 1372 1865 physice
1388 1783 1539 1850 tractabat

363 1889 606 1972 Heraclides(²);
624 1890 770 1956 historica
787 1898 891 1956 autern
905 1892 1046 1972 quinque
1063 1891 1253 1972 testimonia,
1269 1909 1339 1972 quae
1355 1892 1538 1957 Plutarchus

364 2013 381 2059 e
403 2003 508 2061 nostro
528 1999 655 2062 Pontico
676 1998 859 2081 desumpsit,
881 2000 919 2063 ad
941 1999 1083 2080 politicos
1103 2007 1155 2063 ant
1174 1999 1294 2064 ethicos
1315 1999 1413 2064 lihros
1432 1999 1538 2083 potius

365 2107 528 2173 referenda
543 2123 668 2172 censeo.

403 2323 469 2388 iam
489 2339 567 2404 opus
586 2322 664 2386 illud
685 2323 769 2402 quod
791 2321 938 2402 magister
961 2321 1125 2386 instituere
1146 2321 1304 2402 noluerat,
1331 2321 1417 2403 quod
1443 2322 1537 2388 ceteri

363 2435 390 2507 ej
395 2446 430 2494 us
444 2429 590 2512 discipuli
605 2446 669 2493 non
684 2429 894 2505 instituerant,
908 2430 1135 2494 Taaoranlsrus
1144 2429 1270 2494 videtur
1284 2446 1444 2510 aggressus
1457 2409 1551 2510 esse,

363 2537 546 2618 primusque
568 2553 640 2600 rere
660 2535 828 2601 historicus
843 2537 882 2601 ad
899 2536 1158 2618 philosophorum
1171 2536 1383 2602 successiones
1397 2536 1538 2606 animum

365 2645 546 2711 advertisse.
563 2645 734 2727 Scripserat
747 2645 887 2725 quidem,
902 2645 1076 2709 Aristotelis
1091 2646 1201 2722 instar,
1224 2649 1292 2731 Περὶ
1311 2655 1366 2710 τῶν
1386 2645 1537 2726 Ἀναξιμέ-

364 2778 438 2834 νους,
460 2755 529 2838 Περὶ
550 2752 786 2834 Ἐμπεδοκλέους,
808 2755 877 2836 Περὶ
895 2761 950 2816 τῶν
971 2751 1173 2838 Ἀναξαγόρου,
1195 2756 1263 2839 Περὶ
1284 2763 1340 2818 τῶν
1365 2753 1535 2839 Ἀρχελάου,
1641 2765 1644 2770 ’

365 2863 434 2946 Περὶ
453 2864 645 2946 Δημοκρίτου,
671 2859 724 2925 alii
744 2861 810 2940 ejus
828 2859 901 2924 libri
921 2859 1065 2925 icrunlur
1083 2864 1254 2942 Συναγωγαὶ
1273 2871 1327 2926 τῶν
1346 2861 1536 2947 Μητροδώρου
1660 2879 1665 2888 ’

365 2966 545 3050 (Metrodori
560 2968 629 3034 chii
643 2967 804 3048 videlicet,
817 2967 1003 3032 Democritei
1015 2975 1046 3032 et
1056 2968 1200 3050 sceptici3
1220 2969 1289 3034 vide
1299 2970 1471 3051 Laertium,
1482 2970 1533 3049 lX,

364 3076 429 3159 58),
456 3087 511 3142 τῶν
535 3082 687 3158 Διογένους
716 3077 833 3158 (forsan
858 3075 985 3156 cynici),
1016 3085 1070 3140 τῶν
1099 3077 1310 3162 desomnem,
1340 3077 1393 3143 alii
1421 3078 1537 3143 reinin-

366 3185 464 3248 tinnes
486 3183 702 3262 continebant,
724 3183 769 3247 sic
794 3181 959 3265 inscripti:
988 3187 1064 3267 Πρὸς
1088 3182 1291 3269 Ἀναξαγόραν,
1319 3187 1395 3269 Πρὸς
1418 3186 1483 3262 τοὺς
1507 3185 1537 3262 ἐξ
1662 3261 1671 3278 ⁸

370 3293 554 3373 Ἀκαδημίας.
572 3292 680 3357 Sedet
698 3292 731 3356 in
750 3307 846 3357 unam
865 3291 1022 3356 sexdecim
1040 3292 1194 3357 lihrorum
1212 3293 1338 3372 seriem,
1358 3292 1409 3357 eui
1428 3292 1537 3357 titulus

364 3408 431 3466 erat
444 3402 567 3465 Φυσικαὶ
582 3401 672 3480 δόξαν,
688 3399 829 3482 priorum
843 3399 1103 3480 philosophorum
1118 3401 1156 3464 de
1172 3407 1283 3465 natura
1299 3400 1411 3482 placita
1427 3400 1537 3466 ordine

362 3509 492 3576 delinito
511 3509 684 3590 redegerat.
705 3500 901 3573 Manifestum
922 3515 967 3572 est
989 3507 1022 3571 in
1041 3509 1102 3572 hoc
1122 3507 1275 3573 librorum
1296 3525 1426 3590 corpore
1446 3524 1535 3572 enar-

362 3617 468 3683 randis
495 3616 741 3696 uniuscujusque
767 3615 963 3696 dogmatihns
991 3615 1182 3697 praecipuam
1207 3632 1334 3697 operam
1368 3615 1536 3682 contulisse

364 3725 630 3806 Theophrastum
664 3723 790 3788 videtur
824 3730 930 3788 autem
963 3722 1057 3786 simul
1092 3729 1123 3785 et
1155 3738 1193 3786 en
1229 3723 1420 3804 temporibus
1454 3728 1485 3786 et
1519 3739 1537 3786 e

364 3831 591 3914 discipulorum
616 3848 687 3896 oum
711 3830 865 3912 magistris
891 3830 1075 3912 cognatione
1103 3829 1304 3913 philosophos
1331 3832 1377 3898 in¹
1394 3831 1537 3898 ordinem

363 3939 530 4020 redegisse.

403 4047 492 4122 Quod
512 4046 640 4126 quidem
658 4064 735 4129 opus
756 4047 854 4110 fateor
876 4063 940 4111 non
963 4046 1024 4110 nisi
1046 4046 1142 4110 semel
1162 4045 1250 4111 citari
1266 4061 1422 4129 expresse,
1442 4045 1538 4125 idque

364 4155 401 4218 de
422 4153 527 4236 aliqua
548 4153 691 4219 doctrina
714 4154 835 4234 (fragm.
852 4153 903 4233 18,
919 4155 957 4218 ad
973 4153 1089 4219 calcem
1107 4153 1311 4235 Theophrasti
1326 4152 1536 4233 Naturalium,

361 4263 411 4326 ed.
426 4261 589 4341 Wimmer‚
610 4261 757 4326 hihlioth.
772 4263 805 4325 F.
824 4261 940 4342 nidot);
964 4261 1053 4326 decet
1066 4267 1171 4326 autem
1193 4262 1231 4326 ad
1253 4261 1331 4324 illud
1356 4260 1532 4341 plerasque,

363 4372 396 4434 ni
411 4370 514 4449 iallor,
530 4369 705 4434 mentiones
720 4369 822 4454 operis
837 4371 905 4454 Περὶ
921 4377 1040 4453 φυσικῶν
1056 4368 1229 4432 octodecim
1241 4367 1394 4432 librorum
1402 4368 1530 4444 referre,

363 4477 478 4560 quippe
493 4495 562 4558 quae
577 4476 668 4542 titulo
684 4477 805 4542 Φυσικοὶ
820 4476 897 4553 δόξαι
913 4475 1014 4558 aptius
1025 4483 1198 4558 congruant
1206 4497 1215 4555 ;
1225 4477 1290 4556 jam
1301 4474 1380 4539 nihil
1392 4481 1535 4556 superest

394 4739 425 4803 (1)
437 4737 549 4798 bosonii,
563 4741 630 4788 183⁰.

392 4819 422 4888 Μ)
435 4820 471 4871 Gi·
484 4819 561 4882 inira,
572 4832 597 4883 p.
611 4821 650 4881 lo,
661 4820 692 4868 de
703 4816 856 4876 Dicaearcho.
