3622 5708
903 585 1064 647 ..1ss-

394 721 490 802 rum);
511 723 550 787 ad
569 723 714 786 eumdem
733 720 849 784 librum
868 719 923 792 sic,
947 725 981 783 ut
1000 718 1146 798 dicimus,
1165 717 1348 800 inscriptum
1364 719 1480 783 reterre
1495 719 1569 783 licet

392 831 589 914 Πυθαγορικὰς
608 830 759 912 ἀποφάσεις
784 847 801 893 a
826 827 950 894 Stobaeo
972 825 1105 908 aliisque
1126 833 1263 891 servatas
1288 827 1339 908 (ir.
1364 827 1480 909 1766).
1502 827 1567 890 lloc

391 942 495 1002 autem
514 941 627 1018 praeter
644 953 732 1017 opus,
755 935 788 1000 in
807 952 870 1017 qno
890 952 966 1000 sane
984 935 1023 998 de
1042 933 1176 1014 Archyta
1190 933 1370 999 summatim
1383 933 1567 1014 disserebat,

390 1042 582 1125 peculiarem
601 1043 806 1108 Aristoxenus
823 1042 965 1122 Archytae
983 1040 1080 1106 vitam
1095 1041 1222 1106 videtur
1236 1039 1459 1123 composuisse,
1473 1057 1567 1122 quam

391 1149 498 1214 laudat
514 1150 685 1214 Athenaeus
703 1150 756 1230 (ir.
779 1149 840 1231 tt).
862 1147 1007 1228 Singulos
1024 1163 1099 1212 rere
1118 1147 1241 1228 Euryti,
1260 1147 1443 1230 Xenophili,
1458 1148 1568 1213 obscu-

391 1273 499 1323 rorum
528 1258 803 1338 Pythagoreorum,
832 1256 1011 1337 Pythagorae
1039 1255 1138 1337 ipsios
1162 1262 1193 1320 et
1216 1256 1348 1322 Philolai
1372 1256 1453 1322 vitas
1477 1255 1567 1322 illum

391 1365 549 1447 scripsisse
561 1382 625 1430 non
635 1365 805 1430 verisimile
816 1371 873 1442 est,
886 1365 938 1427 sed
950 1363 1054 1446 potius
1064 1363 1250 1428 continuum
1262 1380 1339 1446 opus
1348 1368 1383 1428 at
1393 1365 1565 1438 coherens,

389 1472 423 1538 in
438 1472 599 1554 queritas,
613 1472 727 1555 placita
739 1479 770 1536 et
784 1474 901 1553 διαδοχή
918 1471 1180 1552 Pythagoreorum
1193 1471 1317 1538 redacta
1334 1477 1425 1536 erant
1443 1477 1480 1536 et.
1493 1488 1567 1536 oon·

386 1581 508 1661 iuncta,
524 1579 712 1646 condidisse.

419 1688 518 1763 ¹Ontld
546 1689 586 1754 ad
613 1688 812 1752 bxonxucnux
841 1686 969 1767 attinet,
998 1685 1024 1750 si
1050 1687 1132 1752 vitas
1162 1686 1422 1768 philosophorum
1455 1684 1568 1752 ordine

389 1794 572 1876 scripsisset,
598 1811 663 1860 non
691 1793 832 1874 dixisset,
856 1801 892 1859 ut
915 1794 949 1859 G.
977 1793 1129 1858 lluellero
1154 1794 1294 1875 ridetur,
1317 1795 1356 1858 de
1379 1794 1507 1859 Platone
1531 1794 1565 1858 in

388 1901 490 1983 prime
519 1902 615 1983 libre,
641 1903 681 1969 de
704 1909 823 1986 septem
846 1902 1046 1984 sapientibus
1069 1909 1101 1965 et
1122 1903 1294 1984 Pythagora
1316 1901 1350 1967 in
1373 1902 1511 1967 secundo
1536 1909 1567 1966 et

388 2009 604 2090 sequentibus.
630 2010 732 2076 Semel
761 2015 792 2075 et
819 2012 876 2075 oni
904 2017 1025 2076 tantum
1053 2011 1297 2091 fragmentorum
1325 2008 1364 2074 ad
1392 2010 1566 2092 Platonem,

388 2117 572 2200 Sapientes,v
605 2118 810 2200 Pythagoram
848 2117 1074 2201 pertinentium
1112 2116 1186 2182 libri
1219 2117 1338 2181 mentio
1373 2117 1564 2200 apponitur:

387 2229 562 2312 Δικαίαρχος
581 2229 620 2292 ἐν,
635 2225 738 2312 πρώτῳ
765 2227 828 2312 περὶ
856 2229 924 2306 βίων
944 2226 1047 2307 (Diog.
1063 2227 1098 2290 L.
1119 2225 1175 2307 ΙΙΙ,
1199 2228 1260 2309 lt),
1280 2226 1335 2309 qui
1348 2226 1461 2292 titulus
1479 2226 1566 2310 operi

386 2334 499 2400 morali
513 2334 662 2399 convenit
671 2333 775 2416 petius
787 2351 882 2414 quam
896 2333 1045 2398 historice
1054 2334 1105 2416 (¹),
1119 2351 1223 2415 neque
1235 2333 1281 2398 illi
1293 2335 1403 2398 eadem
1412 2334 1462 2402 ris
1472 2340 1568 2415 atque

387 2442 437 2507 ei:
458 2445 519 2507 Btcr
538 2445 698 2526 φιλοσόφων
709 2441 924 2522 6661663666.
944 2442 1089 2506 Ceterum
1105 2441 1276 2506 verisimile
1290 2449 1338 2506 est
1351 2442 1565 2517 Dicaearchum

387 2549 550 2633 proprium
564 2551 603 2614 de
617 2550 787 2631 Pythagora
803 2549 920 2615 librum
933 2549 1119 2623 exaravisse,
1132 2550 1216 2615 unde
1230 2550 1379 2615 fluxerint
1394 2567 1458 2616 non
1472 2552 1565 2620 modo

386 2657 461 2723 satis
480 2656 604 2740 copiosa
625 2658 798 2737 fragmenta
818 2674 834 2722 a
855 2656 1005 2722 Muellero
1028 2663 1172 2738 congesta
1192 2656 1243 2738 (ir.
1264 2657 1380 2739 neae),
1397 2659 1452 2722 sed
1470 2658 1565 2725 etiam

387 2765 456 2830 haeu
476 2771 631 2847 excerpta,
657 2763 771 2830 eximia
797 2765 936 2847 quidem,
957 2782 1029 2847 quae
1050 2783 1067 2830 a
1088 2765 1262 2830 Iamblicho
1286 2767 1343 2847 (De
1363 2766 1563 2848 Pythagorica

387 2874 464 2952 vita,
479 2874 495 2955 S
508 2873 643 2954 dd-b8le
658 2871 839 2940 Dicaearcho
855 2872 1038 2954 transcripta
1054 2872 1149 2938 luisse
1163 2874 1298 2940 Cobetus
1308 2890 1411 2956 nuper
1421 2874 1565 2939 demons-

388 2980 483 3046 travit
502 2982 728 3062 (Mnemosyne,
751 2980 840 3060 l877,
859 2996 891 3062 p.
911 2981 997 3061 367).
1013 2983 1160 3046 Potuerat
1173 2982 1311 3063 protecto
1326 2981 1360 3046 in
1375 2980 1498 3064 scriptis
1511 2989 1566 3047 aut

386 3087 613 3170 philosophicis
637 3094 692 3154 ant
715 3087 853 3170 politicis
877 3096 932 3154 aut
954 3087 1081 3154 musicis
1104 3087 1143 3152 de
1168 3089 1293 3153 Socrate
1315 3094 1347 3153 et
1366 3089 1566 3171 sapientibus

387 3196 607 3274 commentari3
622 3214 662 3260 ex
676 3195 761 3260 enim
776 3202 911 3278 quatuor
925 3204 979 3261 aut
993 3196 1134 3279 quinqua
1148 3197 1340 3278 fragmentis,
1353 3198 1475 3279 exiguis
1489 3198 1565 3277 illis,

387 3320 451 3369 oen
480 3302 631 3368 continuo
657 3304 756 3370 terma
777 3303 853 3383 justi
878 3303 980 3386 operis
1004 3303 1206 3385 intelligitur3
1235 3303 1434 3371 Dicaearchus
1458 3313 1565 3372 antem

386 3412 526 3478 eminere
545 3412 679 3478 debebat
701 3411 773 3474 «vir
791 3411 824 3474 in
843 3411 952 3493 primis
971 3411 1135 3478 eruditus»
1156 3411 1264 3494 (Plio,
1286 3413 1324 3477 H.
1345 3415 1400 3493 Ν.,
1414 3413 1451 3494 ΙΙ,
1466 3415 1519 3496 65)
1534 3422 1564 3478 et

387 3519 708 3607 icccpreriroccgidlc,
723 3519 769 3584 Ad
784 3519 861 3599 Att,
876 3520 912 3600 11,
925 3520 957 3602 6)
973 3519 1006 3584 in
1021 3520 1060 3584 iis
1076 3521 1169 3586 etiam
1185 3521 1333 3603 operibus
1348 3539 1418 3602 qum
1432 3523 1471 3588 ad
1485 3522 1563 3588 vitas

386 3629 646 3712 philosophorum
671 3627 891 3692 describendas
914 3627 1046 3693 minime
1070 3629 1275 3711 spectabant:
1297 3629 1339 3695 ita
1360 3637 1505 3713 potuerat
1529 3631 1562 3694 in

387 3736 507 3801 morali·
520 3736 627 3818 aliquo
646 3752 741 3818 opere
754 3735 892 3800 Platonis
906 3735 1092 3818 discipulam
1106 3735 1291 3801 Axiotheam
1307 3753 1562 3817 commemorare,

386 3861 480 3926 qnam
497 3845 639 3909 demere
658 3842 783 3908 virilem
798 3843 945 3908 restitum
965 3842 1105 3910 induisse
1123 3843 1294 3910 tradiderat
1314 3846 1364 3925 (D.
1381 3845 1415 3910 L.
1433 3845 1479 3918 lll,
1496 3846 1562 3928 td).

426 3951 578 4016 Similiter
598 3954 725 4014 Putxrxs
746 3950 872 4015 Eresius
893 3952 931 4015 de
952 3953 1085 4016 Petrone
1105 3952 1240 4033 quodam
1260 3951 1367 4017 ltalico
1385 3961 1439 4018 aut
1456 3953 1562 4018 Siculo

385 4059 438 4141 (tr.
454 4059 507 4141 66)
522 4060 602 4122 etde
613 4059 744 4138 Archyta
761 4058 812 4139 (ir.
829 4059 879 4139 63,
894 4058 1026 4124 simodo
1040 4067 1163 4144 φανερῶς
1175 4061 1255 4140 apud
1268 4059 1396 4126 Suidam
1409 4060 1565 4141 corrigere

386 4167 477 4232 licuit
497 4167 530 4231 in
549 4167 660 4243 Φανίας
678 4170 692 4230 ὁ
718 4165 855 4252 Ἐρέσιος)
874 4166 969 4246 loqui¹
980 4167 1083 4249 potuit
1097 4166 1130 4230 in
1146 4166 1234 4232 libris
1248 4171 1316 4253 Περὶ
1331 4178 1386 4233 τῶν
1403 4170 1431 4231 ἐν
1446 4171 1564 4254 Σικελίᾳ

385 4281 525 4361 τυράννων
550 4281 604 4340 aut
628 4279 703 4359 Πρὸς
725 4276 790 4350 τοὺς
811 4279 952 4357 σοφιστάς.
975 4275 1041 4338 Hoc
1062 4291 1162 4339 unum
1187 4282 1306 4340 terium
1328 4282 1385 4350 est,
1411 4275 1562 4340 Phaniam

386 4386 454 4469 Περὶ
482 4391 537 4447 τῶν
565 4387 752 4466 Σωκρατικῶν
778 4381 935 4463 scripsisse
958 4380 1089 4462 librum,
1115 4381 1147 4444 in
1174 4399 1236 4462 qne
1262 4381 1392 4448 collecta
1418 4390 1509 4448 erant
1533 4389 1564 4445 et

386 4488 792 4575 dccpdtypcrolb.b.lll,8,
805 4489 843 4554 de
854 4487 1052 4569 Antisthene)
1062 4495 1093 4552 et
1103 4489 1404 4568 narratiunculam).
1417 4490 1498 4563 L.ll‚
1511 4489 1562 4566 de,

385 4598 424 4664 de
450 4597 632 4680 Aristippo),
658 4613 729 4679 quae
750 4603 893 4678 potuerat
912 4613 951 4660 ex
972 4613 1027 4661 ore
1049 4613 1161 4662 senum
1186 4596 1295 4662 audire
1315 4597 1446 4662 Athenis
1466 4597 1563 4665 vitam

417 4832 447 4898 (¹)
458 4831 560 4896 Epicuri
570 4831 635 4882 liber
646 4831 706 4898 Περὶ
719 4831 777 4897 βίων
788 4830 892 4882 moralis
903 4835 958 4882 erat
969 4830 1148 4883 commentatio
1156 4832 1195 4897 (h.
1208 4831 1234 4882 b.
1247 4834 1278 4894 ll,
1288 4831 1351 4896 119),
