3622 5708
853 1052 976 1118 CAPUT
997 1054 1048 1118 vll

410 1321 462 1379 De
481 1323 681 1397 Scelerate,
702 1318 921 1397 Alexandro,
940 1323 1167 1392 Antisthene.
1188 1323 1284 1383 eliis.
1299 1353 1334 1368 -
1353 1327 1492 1385 Horum

591 1443 728 1522 διαδοχάς
745 1464 814 1510 non
832 1450 996 1510 secutum
1016 1463 1099 1510 esse
1119 1451 1314 1510 Leontium.

405 1685 472 1750 lam
500 1685 539 1748 ad
567 1683 771 1764 questionem
799 1691 992 1750 transeamus
1023 1683 1055 1748 in
1084 1702 1118 1748 re
1146 1693 1250 1750 nostra
1282 1685 1484 1768 praecipuam,
1505 1695 1540 1751 ut

368 1791 595 1873 perpendamus
615 1809 654 1855 an
674 1791 772 1856 critici
792 1791 865 1855 iude
880 1809 897 1856 a
912 1791 1051 1868 Sotione,
1068 1791 1134 1855 sire
1148 1792 1365 1873 Alexandrini,
1379 1793 1445 1856 sive
1460 1793 1540 1858 alius

368 1898 506 1978 familiae,
526 1917 696 1980 graecorum
716 1899 974 1980 philosophorum
995 1899 1205 1964 successiones
1228 1900 1379 1981 sagaciter
1398 1899 1540 1966 institue·

368 2006 444 2085 rint,
465 2023 504 2071 an
527 2007 649 2072 Laertio
669 2007 718 2070 vel
737 2007 803 2086 ejus
822 2006 972 2088 proximis
986 2006 1178 2088 auctoribus,
1192 2024 1286 2089 opera
1304 2026 1359 2073 sua
1375 2009 1540 2090 disponen-

368 2113 461 2188 tibus,
488 2123 586 2179 certas
613 2115 816 2196 philosophos
844 2115 1011 2180 ordinandi
1036 2115 1184 2194 rationes,
1207 2113 1299 2178 simul
1325 2115 1363 2180 de
1387 2116 1541 2196 magistris

279 2249 281 2256 ·
370 2239 406 2285 ac
434 2222 681 2312 discipulisysrde
707 2223 800 2304 digna
830 2223 1018 2302 testimonia,
1048 2224 1169 2288 tradere
1203 2222 1361 2288 valuerint
1388 2222 1436 2286 illi
1464 2240 1542 2303 quos

371 2331 624 2394 enumeravimus
654 2334 799 2413 Διαδοχῶν
831 2331 1007 2412 scriptores.
1037 2331 1102 2406 Qua
1136 2346 1207 2394 cum
1240 2330 1343 2412 priore
1371 2331 1542 2411 quaestione

371 2436 466 2500 altera
489 2438 704 2518 conjungenda
727 2443 791 2501 est:
816 2438 841 2500 si
864 2456 902 2502 ex
923 2437 972 2501 his
993 2438 1197 2520 scriptoribus
1218 2437 1332 2517 aliquis
1356 2437 1425 2519 plus
1449 2455 1542 2518 quam

372 2544 467 2608 ceteri
499 2545 637 2608 materiae
668 2544 912 2628 suppeditaverit
944 2545 1018 2608 huic
1052 2544 1155 2609 ordini
1183 2543 1441 2627 philosophorum
1470 2546 1543 2610 satis

371 2651 508 2716 mirabili
536 2669 629 2731 quem
658 2651 731 2717 irino
760 2653 792 2716 in
821 2650 935 2716 Laertii
967 2651 1118 2734 prooemio
1152 2653 1358 2734 propositum,
1386 2651 1474 2716 illinc
1509 2653 1543 2716 in

372 2760 439 2842 ipso
477 2760 579 2842 operis
615 2778 744 2842 corpore
781 2761 942 2824 evolutum
976 2760 1121 2841 legimus,
1153 2776 1225 2823 eum
1258 2761 1440 2843 scriptorem
1474 2760 1544 2842 quis
1638 2765 1643 2776 '

373 2869 498 2932 tandem
520 2867 613 2931 luerit
630 2885 805 2948 quaeramus
824 2885 949 2932 necesse
969 2873 1025 2931 est.
1047 2869 1122 2932 boae
1142 2874 1246 2932 autem
1266 2868 1325 2931 illae
1344 2868 1543 2949 questiones,

374 2992 479 3042 rerum
493 2985 604 3042 natura
620 2993 781 3055 connexa,
796 2976 889 3040 simul
904 2975 995 3040 nobis
1009 2983 1102 3038 erunt
1116 2976 1295 3040 tractandae.

396 3194 496 3258 note
521 3197 626 3260 omnia
648 3197 775 3259 lxsonnn
800 3194 1003 3276 excipiamus,
1028 3195 1116 3276 cuius
1138 3211 1176 3259 ex
1204 3212 1298 3277 opere
1325 3194 1405 3258 nibil
1435 3203 1547 3276 praeter

376 3303 500 3368 titulum
520 3297 642 3368 atatem
661 3303 744 3382 tulit,
765 3304 914 3383 cujusque
933 3302 983 3365 vel
1002 3302 1153 3367 memoria
1174 3302 1235 3366 cito
1252 3302 1377 3368 videtur
1395 3318 1460 3366 esse
1476 3303 1546 3383 jure

376 3429 414 3476 an
450 3429 539 3478 secus
573 3411 747 3476 obliterata.
785 3411 905 3476 Jasouis
943 3409 1071 3490 quidem
1109 3410 1227 3475 librum
1266 3410 1349 3474 inter
1385 3409 1546 3475 volumina

375 3519 619 3584 Herculanensia
643 3527 801 3602 repertum
821 3536 886 3582 esse
900 3518 1096 3584 Nietzscbius
1110 3518 1284 3586 crediderat
1297 3516 1369 3598 (Rb.
1386 3518 1439 3592 ll..
1459 3517 1546 3595 roob,

374 3645 405 3708 p.
430 3626 593 3707 aul-adep
623 3628 688 3707 jam
721 3644 794 3690 vero
828 3625 1054 3706 Comparettius
1088 3625 1272 3688 certioribus
1299 3623 1395 3688 fultus
1422 3623 1549 3688 indiciis

374 3751 485 3800 verum
526 3733 769 3799 Herculanensis
811 3733 975 3815 fragmenti
1017 3741 1176 3798 auctorem
1221 3748 1286 3795 esse
1331 3730 1548 3796 Philodemum

376 3841 600 3908 demonstravit
615 3844 659 3923 (r.
677 3842 769 3921 intra,
785 3859 850 3922 cap.
865 3842 930 3922 lli).

416 4060 596 4125 Ceteromm
625 4059 766 4124 omnium
791 4065 958 4139 supersunt
985 4056 1169 4134 fragmenta,
1194 4071 1327 4136 quorum
1351 4062 1456 4119 tamen
1481 4071 1549 4135 per-

375 4168 473 4233 multa
493 4169 531 4233 ad
551 4166 779 4232 successionem
798 4165 1055 4249 philosophorum
1080 4162 1209 4227 minime
1231 4163 1401 4244 pertinent.
1425 4161 1550 4225 Scilicet

375 4279 489 4342 borum
511 4283 686 4357 temporum
707 4273 885 4355 scriptores,
905 4271 1055 4354 propositi
1077 4271 1253 4353 argumenti
1277 4288 1388 4353 parurn
1413 4278 1550 4348 tenaces,

376 4386 414 4451 ad
434 4402 483 4448 res
502 4402 519 4449 a
540 4383 630 4447 titulo
649 4381 843 4464 plusjlrninus
863 4382 981 4447 alienas
1000 4381 1092 4461 louge
1112 4380 1236 4460 evagari
1257 4379 1367 4460 quavis
1387 4377 1551 4442 occasione

375 4495 529 4560 solebant.
552 4493 592 4556 Ut
612 4492 739 4572 quidem
761 4492 864 4554 Nrerxs
888 4491 1053 4553 Nronunsrs
1073 4488 1122 4552 bis
1144 4489 1181 4553 ab
1206 4487 1356 4551 Athenaeo
1379 4487 1491 4551 citatur
1513 4485 1551 4548 de

376 4601 526 4666 rebusad
547 4599 707 4663 historiam
726 4598 901 4662 litterarum
922 4595 1167 4677 pertinentibus,
1190 4593 1357 4674 quinquies
1379 4595 1417 4658 de
1438 4591 1552 4658 tabulis

376 4709 552 4792 autpstultis
572 4707 737 4789 aurietism
752 4705 907 4784 obscenis,
923 4721 1086 4785 uunquam
1096 4704 1140 4767 de
1157 4702 1304 4766 historica
1319 4701 1399 4765 serie
1415 4701 1552 4783 philoso-

375 4819 521 4900 phorum,
545 4817 585 4880 ita
607 4823 640 4880 ut
660 4815 789 4880 omnino
804 4813 983 4893 ignoremus
998 4811 1155 4893 quomodo
1171 4827 1263 4876 suum
1279 4809 1345 4892 ipse
1358 4808 1552 4891 propositum
