3622 5708
903 609 1063 675 ..60-

403 741 488 806 hunc
503 742 672 823 Diogenem
693 743 895 808 Anaximenis
914 742 1089 808 auditorem
1109 745 1216 840 inisse,
1236 751 1276 823 ὥς
1299 769 1380 830 φησιν
1400 743 1574 824 Ἀντισθένης

403 851 447 931 (v.
463 867 555 931 supra
570 869 599 931 p.
616 852 668 930 hd)
680 851 813 928 dicitur3
830 853 913 933 quod
930 852 955 914 si
972 853 1013 916 ita
1029 870 1062 916 se
1081 869 1131 918 res
1152 853 1274 928 hahuit,
1296 853 1329 917 in
1346 852 1426 917 libro
1446 853 1469 916 ll
1489 857 1573 918 certo

402 958 553 1022 locandus
567 965 635 1023 erat
652 959 700 1040 (¹).

440 1065 514 1144 Ejus
529 1073 631 1129 autem
647 1065 829 1146 questionis
844 1068 963 1131 nodum
979 1066 1114 1149 explicat
1138 1067 1341 1151 Theophrasti
1356 1085 1449 1150 supra
1464 1067 1573 1133 lauda·

402 1180 468 1236 tum
498 1173 711 1237 testimonium
736 1173 821 1255 (vide
849 1192 881 1256 p.
910 1175 995 1256 lul:
1024 1178 1060 1238 τὰ
1088 1179 1138 1254 μὲν
1166 1178 1290 1240 πλεῖστα
1317 1181 1574 1259 συμπεφορημίνως

401 1284 542 1364 γέγραφε,
573 1284 609 1344 τὰ
642 1284 692 1360 μὲν
723 1284 796 1344 κατὰ
817 1279 1026 1365 Ἀναξαγόραν,
1054 1284 1091 1345 τὰ
1118 1285 1148 1346 δὲ
1176 1286 1250 1346 κατὰ
1278 1288 1436 1348 Λεύκιππον
1463 1286 1572 1365 λέγων.

313 1446 326 1464 v,
402 1386 599 1451 Manifestum
614 1387 687 1453 inde
703 1388 738 1450 ht
756 1387 887 1468 Diogeni
910 1387 1117 1470 Apolloniatae
1138 1389 1321 1469 magistrum
1344 1389 1537 1473 Leucippum
1556 1407 1573 1454 a

401 1494 552 1576 scriptore
566 1496 718 1560 tributum
733 1511 800 1560 esse
814 1512 907 1576 quem
923 1495 1065 1562 Laertius
1081 1497 1278 1580 compilavit3
1299 1515 1360 1578 qua
1380 1497 1414 1560 in
1432 1515 1478 1576 re,
1493 1498 1575 1561 sicut

402 1602 435 1665 in
463 1603 586 1682 ceteris,
614 1610 649 1668 ut
678 1620 734 1684 ego
764 1603 888 1685 opinor,
917 1603 1078 1668 Sotionem
1104 1612 1263 1670 auctorem
1292 1605 1344 1670 hic
1373 1605 1438 1687 ipse
1466 1614 1575 1670 auctor

400 1712 589 1790 sequebatur
595 1731 604 1788 3
629 1711 701 1792 ipse·
724 1716 827 1775 autem
852 1711 951 1791 Sotio,
966 1713 1215 1794 Theophrastum
1230 1721 1366 1793 secutus,
1382 1713 1573 1794 anaxagorae

400 1820 605 1898 mentionem,
629 1819 734 1884 nescio
749 1837 844 1900 quam
859 1820 898 1884 oh
914 1837 1051 1900 oausam,
1067 1821 1253 1901 excluserat,
1270 1821 1573 1903 Leucippumunum

400 1934 590 1992 servaverat.
606 1929 691 1991 -ln
707 1945 769 2008 quo
785 1927 867 1992 mala
882 1946 957 1992 usus
972 1935 1019 1991 est
1032 1929 1156 1994 fortuna
1175 1949 1182 1991 ε
1205 1946 1279 1994 narn
1295 1929 1412 2010 optime
1433 1930 1492 1992 Ed.
1508 1929 1573 1993 Zel-

401 2033 485 2098 lerus
530 2033 713 2098 monstrarit
754 2035 792 2099 ab
832 2034 1027 2098 Anaximene
1073 2035 1223 2100 doctrinae
1262 2053 1326 2100 suae
1367 2035 1573 2100 fundamenta

401 2149 578 2208 mutuatum
612 2160 678 2208 esso
708 2143 879 2224 Diogenem
906 2142 1149 2224 hpolloniatem,
1187 2143 1260 2208 dein
1295 2143 1371 2208 huic
1406 2144 1505 2208 multa
1525 2161 1571 2206 er

401 2253 593 2332 anaxagora
616 2250 740 2333 scriptis
762 2259 906 2332 excerpta
931 2251 1120 2330 adiunxisse,
1143 2252 1232 2331 cujus
1252 2258 1390 2315 ceterum
1411 2251 1574 2333 principiis

401 2360 634 2423 adversabatur.
663 2359 749 2424 Solio
781 2358 889 2439 igitur,
915 2356 947 2420 ni
980 2357 1084 2437 lallor,
1113 2359 1167 2440 qui
1196 2359 1291 2423 stulte
1319 2361 1571 2442 Theophrastum

401 2466 527 2543 refellit,
563 2483 660 2547 quum
696 2467 927 2549 Theophrastus
958 2465 1131 2531 rectissime
1166 2466 1257 2549 sapit,
1294 2468 1379 2531 hunc
1416 2473 1573 2530 errantem

400 2580 524 2638 secutus
538 2581 595 2638 est.

441 2787 595 2869 Denique,
616 2789 654 2853 ad
679 2791 817 2872 διαδοχῶν
841 2797 1060 2869 argumentum
1081 2789 1236 2854 relerendi
1263 2795 1336 2853 sunt
1358 2789 1419 2853 duo
1446 2787 1507 2852 loci
1534 2788 1572 2852 de

401 2895 625 2978 philosophicae
647 2896 871 2977 speculationis
892 2896 1016 2959 initiis:

444 3005 491 3068 lt).
514 3005 549 3066 D.
571 3003 607 3067 L.
629 3005 831 3082 Prooemium,
854 3006 916 3068 let
931 3005 959 3068 7.
977 3041 1017 3053 -
1031 3004 1143 3086 ample
1161 3004 1352 3069 disseruerat
1367 3005 1405 3068 de
1421 3005 1570 3070 harbaro-

400 3128 470 3175 rum
485 3111 691 3192 philosophiis
705 3115 821 3176 Σωτίων
836 3114 864 3175 ἐν
880 3121 919 3194 τῷ
935 3113 1053 3194 εἰκοστῷ
1075 3116 1160 3196 τρίτῳ
1178 3118 1231 3189 τῆς
1250 3115 1409 3196 Διαδοχῆς;
1426 3149 1465 3157 -
1479 3113 1570 3192 plura

400 3220 547 3299 deinceps
566 3219 605 3282 de
623 3219 722 3299 magis
743 3221 896 3300 feruntur,
920 3222 959 3296 ὡς
981 3221 1064 3301 ἐντῷ
1082 3221 1200 3301 εἰκοστῷ
1214 3223 1300 3302 τρίτῳ
1315 3221 1396 3303 φησὶν
1412 3223 1426 3282 ὁ
1441 3223 1568 3284 Σωτίων.

399 3360 439 3373 -
456 3327 629 3407 Utrobique
648 3327 816 3408 legendum
843 3329 871 3390 ἐν
896 3337 935 3409 τῷ
965 3328 1145 3408 εἰσαγωγικῷ
1173 3324 1368 3390 Nietzschins
1392 3333 1440 3390 est
1463 3332 1572 3391 auctor

404 3435 474 3512 (Rh.
492 3435 548 3512 lt,
564 3434 700 3516 l870,‘p.
716 3435 861 3516 etl-tle)
871 3455 880 3509 ;
897 3433 947 3498 oui
963 3433 1071 3498 audaci
1088 3434 1142 3497 sed
1158 3432 1344 3498 felicissimae
1358 3433 1570 3499 emendationi

400 3540 480 3604 nihil
497 3541 597 3605 obstat
612 3541 688 3621 quin
704 3542 921 3606 assentiamus.

438 3649 529 3713 Certe
548 3666 612 3713 non
627 3666 665 3712 ex
679 3649 817 3731 AEgyptia
833 3649 998 3728 religione,
1015 3666 1176 3729 magorum
1195 3656 1227 3712 et
1245 3649 1571 3730 gymnosophistarum

399 3757 549 3822 doctrinis
583 3764 650 3822 orta
684 3758 824 3838 priorum
858 3757 952 3821 loniae
978 3765 1009 3820 et
1036 3757 1131 3820 ltaliae
1163 3756 1425 3839 philosophorum
1456 3757 1596 3839 placita·

400 3866 560 3930 Sotionem
577 3865 738 3946 opinatum
759 3882 825 3929 esse
845 3873 983 3947 apparet,
1006 3863 1089 3945 quod
1108 3871 1212 3928 tamen
1238 3864 1434 3930 Nietzschins
1454 3872 1571 3930 temere

399 3973 531 4038 asseruit
553 3974 623 4054 (iih.
648 3975 699 4046 ll„
728 3973 815 4051 1869,
841 3992 872 4055 p.
896 3973 984 4054 205);
1008 3973 1069 4036 hoc
1091 3979 1225 4051 tantum,
1246 3979 1276 4034 et
1298 3971 1518 4048 eruditissime,
1537 3981 1571 4038 ut

401 4080 535 4159 videtur,
557 4080 765 4162 amplihoahat
783 4100 789 4142 :
807 4079 1048 4162 philosophandi
1071 4078 1210 4143 studium
1229 4086 1321 4159 atque
1340 4080 1425 4143 huno
1448 4079 1571 4144 ratioci-

399 4186 496 4252 nandi
511 4188 638 4251 modum
654 4187 707 4267 qui
724 4187 919 4269 philosophia
935 4187 1062 4266 dicitur,
1077 4187 1190 4251 Graece
1207 4187 1291 4267 genti
1303 4204 1366 4250 non
1379 4187 1569 4269 peculiarem
1650 4181 1662 4204 ⁰

399 4295 504 4370 luisse,
533 4295 682 4359 barbaros
707 4303 779 4358 ante
804 4296 925 4359 Graecos
953 4294 1186 4376 philosophiam
1216 4294 1361 4358 coluisse.
1390 4295 1415 4357 Ε
1441 4295 1570 4360 Sotione

397 4403 546 4468 videntur
558 4404 684 4468 llurisse
699 4403 803 4467 omnia
821 4403 996 4468 testimonia
1012 4401 1126 4484 quihus
1140 4404 1206 4466 haee
1225 4403 1337 4466 nititur
1352 4403 1520 4482 sententia,
1537 4411 1568 4466 et

399 4528 604 4592 quaecumque
619 4511 659 4575 ad
678 4520 881 4576 externarum
900 4509 1040 4591 gentium
1060 4510 1218 4575 doctrinas
1236 4510 1407 4591 pertinent,
1433 4527 1568 4590 quorum

429 4692 458 4755 (ί)
472 4689 654 4752 lloneuepioeri
671 4704 803 4753 possumus
819 4707 834 4741 a
852 4690 953 4741 librario
973 4693 1101 4742 turbatum
1121 4705 1177 4742 esse
1195 4691 1308 4740 ordinem
1328 4691 1432 4755 hujusce
1452 4691 1571 4754 Diogenis

397 4773 469 4834 viltam
487 4786 555 4832 natu,
574 4771 595 4820 si
616 4771 651 4821 ita
669 4786 696 4821 se
715 4785 756 4821 res
775 4773 887 4832 haberet,
907 4771 1026 4836 Diogenis
1045 4772 1169 4837 ὁμώνυμοι
1193 4770 1359 4832 apolloniatae
1380 4772 1440 4822 aitte
1463 4771 1571 4835 subjice·

396 4855 498 4910 rentum
510 4852 578 4914 atqui
590 4853 621 4902 ad
633 4853 727 4903 calcem
740 4850 858 4914 Diogenis
869 4851 950 4914 cynici
963 4851 1029 4911 ritae,
1042 4853 1068 4902 in
1080 4851 1143 4902 libro
1154 4853 1192 4912 lll,
1206 4857 1395 4903 enumerantur.
