3622 5708
789 603 948 664 ..11-

290 738 423 823 Ἀρχίτσυ
447 741 621 820 φιλοσοφίας,
644 739 712 822 Περὶ
734 745 785 815 τῆς
807 739 982 800 Σπευσίππου
1004 737 1051 800 καὶ
1074 738 1281 821 Ξενοκράτους;
1309 755 1456 804 censuras

284 853 388 917 autem
404 844 544 909 indicent
559 842 640 906 tituli
659 863 665 906 :
688 846 763 926 Πρὸς
777 847 842 919 τοὺς
855 846 1073 926 Πυθαγορείους,
1098 847 1173 927 Πρὸς
1190 847 1227 908 τὰ
1246 843 1453 924 Ἀλκμαίωνος,

284 958 359 1038 Πρὸς
386 955 423 1021 τὰ
449 954 603 1030 Μελίσσου,
632 954 707 1035 Πρὸς
736 953 772 1013 τὰ
806 954 936 1034 Γοργίου,
968 955 1043 1036 Πρὸς
1070 953 1106 1014 τὰ
1133 957 1273 1031 Ζήνωνος,
1312 957 1387 1038 Πρὸς
1420 951 1456 1018 cir

283 1062 476 1144 Ξενοκράτους
497 1059 563 1140 (aut
583 1058 766 1141 Ξενοφάνους)
778 1058 830 1140 (¹);
853 1073 923 1138 quae
945 1057 1169 1140 descriptiones
1189 1076 1224 1124 ae
1253 1060 1456 1132 refutationes

284 1169 368 1234 haud
390 1166 486 1237 dubie
506 1165 663 1247 longiores
684 1182 719 1230 ac
740 1165 897 1248 pleniores
918 1174 1008 1231 erant
1023 1166 1085 1230 illis
1100 1184 1188 1248 quas,
1204 1175 1297 1249 prout
1315 1185 1364 1233 res
1383 1178 1455 1236 nata

282 1282 360 1356 erat,
375 1274 555 1340 Aristoteles
569 1273 658 1339 libris
673 1280 919 1356 consummitate,
937 1273 975 1336 iis
990 1273 1061 1338 dico
1081 1275 1135 1355 qui
1155 1281 1280 1340 aetatem
1299 1276 1454 1357 tulerunt,

285 1384 427 1463 inseruit,
449 1384 559 1448 eodem
582 1399 656 1447 vero
681 1381 812 1446 consilio
828 1381 970 1464 scriptae.
997 1381 1096 1456 Quem
1125 1389 1338 1466 contemptum
1362 1385 1456 1465 hujus

284 1508 352 1572 quae
368 1489 491 1573 proprie
505 1506 642 1571 vereque
656 1490 772 1554 dicitur
785 1489 914 1554 historia
929 1490 1000 1570 jure
1018 1489 1171 1556 miramur
1185 1490 1219 1554 in
1233 1490 1288 1554 illo
1304 1479 1455 1574 scriptore

283 1601 371 1680 cujus
382 1615 455 1663 cura
464 1598 602 1662 collectae
611 1599 734 1664 fuerant
746 1597 976 1679 Ὀλυμπιονῖκαι,
987 1602 1162 1679 Πυθιονῖκαι,
1174 1604 1260 1662 Νῖκαι
1273 1601 1453 1680 διονυσιακαί,

282 1709 480 1786 Διδασκαλίαι,
506 1706 615 1776 idest
641 1705 799 1770 victorum
826 1705 859 1769 in
888 1705 1022 1787 publicis
1050 1705 1145 1787 ludis,
1175 1704 1396 1787 tragoediarum
1425 1714 1457 1771 et

283 1813 507 1879 comoediarum
530 1813 663 1878 Athenis
686 1820 825 1878 actarum
848 1815 987 1895 διαδοχαί.
1014 1814 1102 1889 Quod
1125 1821 1229 1878 tamen
1254 1831 1364 1879 verum
1389 1830 1455 1878 esse

283 1922 486 2004 comperitur,
505 1922 561 1987 etsi
582 1921 763 1986 offensionis
783 1919 902 2002 aliquid
920 1927 1026 1986 nostro
1044 1921 1165 2002 iudicio
1183 1920 1289 1999 habet,
1304 1940 1360 2006 pro
1379 1939 1454 1987 vero

281 2031 454 2096 tenendum
466 2037 524 2094 est.
540 2031 620 2094 Saue
630 2029 810 2094 Aristoteles
819 2029 1051 2112 philosophiam
1061 2030 1159 2112 ipsam
1169 2030 1297 2096 historia
1309 2037 1455 2113 praestare

283 2137 486 2220 opinabatur;
516 2137 598 2200 nihil
628 2143 733 2202 autem
765 2130 1027 2220 praetermorem
1059 2139 1225 2203 veritatem
1257 2139 1453 2220 perquirens,

282 2245 438 2310 doctrinas
454 2247 650 2326 superiorum
665 2252 747 2310 retro
761 2245 1019 2328 philosophorum
1038 2263 1094 2328 pro
1115 2246 1311 2311 documentis
1331 2252 1453 2312 tantum

283 2353 429 2434 habebat,
451 2371 507 2423 seu
528 2352 741 2433 lineamentis,
764 2355 802 2418 ad
823 2355 982 2437 propriam
1001 2342 1088 2418 suam
1104 2354 1278 2420 doctrinam
1292 2360 1453 2419 exstruen-

281 2463 352 2527 dam
367 2460 457 2544 pretii
473 2478 537 2526 non
553 2461 691 2540 nullius;
708 2463 761 2526 sed
782 2461 973 2544 peculiarem
994 2462 1075 2527 banc
1095 2462 1264 2528 utilitatem
1284 2479 1348 2526 uon
1370 2479 1453 2545 pers·

280 2575 408 2651 perorat
422 2585 514 2650 quam
528 2569 622 2634 habet
634 2569 840 2651 philosophiae
849 2567 991 2649 historia,
1004 2573 1043 2646 ὡς
1056 2571 1174 2656 ἱστορία,
1188 2577 1223 2634 ut
1234 2571 1299 2653 ipse
1309 2568 1451 2652 dixisset,

282 2678 318 2742 ad
334 2677 535 2757 dijudicanda
549 2677 696 2742 humane
711 2678 825 2741 mentis
839 2677 1046 2744 incrementa.

319 2893 351 2956 ln
368 2894 427 2958 hac
439 2894 612 2958 tractandae
626 2892 766 2958 materiae
781 2893 903 2958 ratione
916 2893 1011 2958 fuisse
1032 2893 1126 2958 etiam
1147 2895 1287 2958 donnaus
1310 2894 1452 2960 Rhodius

278 2999 416 3080 videtur,
431 3003 445 3064 ὁ
460 2999 652 3082 γνησιώτατος
665 3010 720 3064 τῶν
741 3001 952 3087 Ἀριστοτέλους
967 3005 1086 3086 ἑταίρων
1100 3001 1292 3083 (Simplicius
1303 3003 1342 3067 ed
1357 2983 1449 3067 Arist

279 3107 369 3188 Phys.
385 3108 433 3187 lll,
452 3111 480 3188 1,
496 3126 527 3190 p.
544 3109 633 3174 ecch
649 3109 704 3187 323
722 3109 853 3174 Eudemi
868 3110 977 3189 iragm.
994 3109 1450 3191 32‚sp.tlutlachtum,t.111);

278 3215 345 3295 ejus
360 3215 445 3282 enim
459 3217 581 3297 escinei,
597 3234 678 3300 saepe
693 3218 817 3284 laudata
832 3217 865 3281 in
878 3216 1032 3298 Simplicii
1044 3217 1267 3282 commentario
1280 3218 1317 3282 ad
1330 3217 1452 3282 Aristo·

279 3323 349 3387 telis
366 3327 482 3406 φυσικὴν
506 3326 650 3410 ἀκρόασιν,
673 3325 786 3390 multas
807 3325 989 3406 praebebant
1008 3324 1151 3408 priorum
1175 3326 1391 3392 doctrinarum
1411 3327 1451 3394 de

278 3440 387 3495 natura
403 3431 629 3510 enarrationes,
644 3433 758 3496 multas
773 3432 868 3496 etiarn
882 3434 920 3497 de
937 3433 1046 3497 iisdem
1064 3433 1308 3515 disputationem
1326 3434 1450 3500 nullum

278 3545 382 3603 autem
403 3541 538 3622 διαδοχῆς
559 3539 771 3619 fragmentum
793 3539 824 3603 in
847 3541 906 3604 hac
927 3541 1172 3620 fragmentorum
1195 3542 1283 3624 copia
1311 3543 1450 3622 affertur,

279 3646 340 3710 nisi
364 3647 449 3728 qued
474 3645 570 3712 semei
594 3647 711 3713 dicitur
737 3653 833 3726 Ζήνων
858 3651 872 3711 ὁ
898 3651 1073 3732 Παρμενίδου
1099 3648 1242 3734 γνώριμος
1267 3650 1316 3729 (ir.
1343 3651 1372 3728 7,
1399 3635 1466 3734 aps

278 3754 506 3837 Mullachium).
528 3755 721 3837 Quamquam
747 3758 829 3819 idem
853 3755 907 3819 ilie
927 3757 1086 3821 Eudemus
1110 3760 1233 3843 ἱστορίας
1255 3761 1451 3843 γεωμετρικαῖς

278 3861 458 3944 scripserat,
490 3866 612 3948 ἱστορίαν
642 3866 841 3949 ἀριθμητικήν,
869 3867 990 3950 ἱστορίαν
1020 3867 1225 3950 ἀστρολογικήν
1255 3867 1310 3943 (ir.
1337 3866 1448 3944 83·97,

279 3970 360 4034 inter
385 3987 455 4050 quae
480 3972 517 4035 ir.
540 3971 580 4035 et
605 3990 622 4035 e
647 3972 770 4036 Laertio
796 3972 820 4053 l,
844 3973 896 4051 23,
922 3973 1119 4055 desumptum
1142 3978 1218 4052 est);
1248 3973 1331 4038 idem
1356 3973 1450 4040 etiam

279 4079 317 4142 de
338 4077 562 4162 philosophicis
586 4080 782 4161 dogmatibus
803 4097 872 4161 quae
895 4080 1080 4161 theologicis
1101 4081 1167 4144 sire
1187 4082 1365 4147 Graecorum
1384 4080 1450 4146 sive

218 4215 220 4222 ⁴
278 4183 464 4251 Asianorum
482 4187 628 4252 latebant
651 4187 758 4252 innixa
784 4187 945 4269 (neglectis
970 4195 1072 4252 tamen
1098 4190 1311 4272 AEgyptiorum
1329 4189 1450 4273 opinio-

279 4292 384 4375 nibus)
411 4293 598 4374 peritissime
624 4294 813 4360 disseruerat
835 4294 886 4376 (ir.
918 4295 985 4374 117,
1012 4314 1029 4360 e
1058 4296 1237 4376 Damasci03
1266 4296 1306 4363 ir.
1334 4297 1402 4373 118,
1432 4314 1449 4360 e

278 4398 402 4464 Laertio
418 4401 442 4481 l,
462 4401 507 4482 9).
1175 4431 1176 4436 ¹

309 4675 341 4738 (1)
354 4677 537 4728 Demonstravit
553 4680 597 4730 Ed.
615 4679 726 4730 Zallerus
741 4692 806 4742 opus
825 4681 1018 4743 aristotelicum,
1035 4684 1100 4744 quod
1122 4685 1246 4732 servatum
1268 4683 1399 4745 babemus,
1414 4684 1450 4736 Dc

275 4757 389 4817 Melissa.
411 4757 567 4822 Xenophane
585 4765 610 4810 ct
629 4759 733 4824 Gorgia,
759 4775 841 4824 neque
862 4763 1001 4814 Aristotelis
1019 4778 1084 4826 esse,
1105 4779 1188 4827 neque
1211 4764 1385 4830 Theophrasti,
1405 4766 1448 4815 sed

276 4838 435 4901 peripatetici
448 4840 580 4903 cujusdem
590 4840 680 4891 incerti
692 4841 811 4892 nominis.
