3622 5708
845 611 1045 690 -aa-¹

335 751 472 828 apparet.
501 745 565 808 lloc
589 751 708 808 tantum
732 744 843 825 liquet,
867 745 1026 810 Sotionem
1050 751 1194 811 accurate
1217 747 1254 808 de
1277 745 1508 824 Megarensibus

335 856 387 922 vel
402 851 635 918 obscurioribus
649 870 821 933 eorumque
835 853 1030 918 successione
1045 855 1155 934 egisse.

375 964 405 1027 6.
422 963 457 1024 D.
476 961 511 1025 L.
531 960 584 1040 IX,
603 960 721 1024 tlh-
735 961 873 1035 Quatuor
894 961 1032 1026 Timonis
1054 961 1199 1044 discipuli
1221 979 1259 1025 en
1281 961 1456 1044 llippohoto
1478 967 1508 1024 et

333 1070 460 1136 Sotione
475 1069 667 1148 indicantur,
682 1076 718 1133 ut
732 1070 915 1134 Menodotas
934 1069 1061 1150 qnidam
1077 1071 1256 1135 confutetur
1270 1070 1347 1151 (non
1363 1069 1507 1132 llenodo-

332 1182 383 1242 tus
423 1176 553 1242 Samius·
585 1159 764 1256 historicus,
805 1178 859 1241 sed
901 1176 1003 1258 potius
1042 1179 1227 1242 Menodotus
1260 1175 1508 1241 Nicomediensis

333 1284 497 1366 scepticus,
517 1283 611 1366 paulo
633 1284 714 1349 inira
737 1284 863 1366 abipso
886 1285 1008 1350 Laertio
1031 1285 1223 1364 nominatus,
1247 1283 1330 1347 inter
1349 1281 1507 1348 AEneside-

333 1407 421 1456 mum
436 1398 467 1455 et
480 1391 608 1456 Sestum
623 1397 762 1474 tempore
774 1392 921 1473 medius),
935 1391 990 1472 qui
1005 1391 1126 1457 dixerat
1140 1392 1262 1457 nullum
1278 1391 1372 1455 luisse
1385 1389 1508 1455 Timoni

335 1515 557 1576 successorem,
584 1499 760 1564 institutum
784 1499 954 1580 scepticum
977 1506 1046 1582 post
1069 1499 1334 1564 intermissionem
1356 1498 1507 1562 instaura-

335 1606 417 1672 visse
432 1607 632 1672 Ptolemaeum
648 1607 871 1690 cyrenensem.

375 1823 488 1888 Omnes
501 1840 594 1905 supra
609 1822 693 1888 citati
709 1821 770 1887 loci
786 1823 824 1887 ad
839 1821 1066 1886 successionem
1081 1820 1240 1904 pertinent
1250 1819 1508 1904 philosophorum

335 1930 388 2012 qui
410 1937 479 2012 post
502 1929 637 1994 Socratis
661 1936 802 2012 tempora
825 1929 982 1994 vixerunt.
1009 1931 1083 2005 Quae
1104 1929 1231 2010 quidem
1260 1927 1389 1993 materia
1416 1927 1508 1992 facile

334 2037 459 2103 tractari
473 2037 576 2120 potuit
600 2057 607 2099 :
629 2053 703 2102 nam
723 2036 942 2118 magistrorum
963 2044 995 2102 et
1012 2037 1237 2119 discipulorum
1257 2036 1385 2101 nomina
1403 2035 1455 2099 vel
1474 2035 1507 2098 in

335 2145 424 2210 lihris
457 2145 561 2210 statim
596 2144 744 2227 inscripta
778 2145 903 2210 inerant
930 2162 1008 2227 quos
1036 2144 1182 2210 studiosis
1217 2150 1340 2225 paratos
1375 2142 1509 2207 hahebat

336 2252 548 2318 Alexandrina
562 2251 766 2332 bibliotheca,
780 2253 845 2332 vel,
861 2254 941 2318 lama
956 2253 1092 2335 primum
1107 2258 1240 2332 servata,
1259 2269 1364 2316 mona
1380 2250 1508 2332 scripto·

336 2361 422 2425 rihus
447 2361 570 2426 fuerant
594 2359 735 2440 collecta,
763 2367 930 2440 antequam
959 2377 1065 2425 rerum
1092 2359 1253 2424 memoriae
1277 2359 1391 2424 lahulis
1415 2363 1508 2438 atque

335 2467 469 2532 inventis
494 2472 597 2531 essent
618 2465 799 2531 adulteratae
823 2473 878 2530 aut
901 2483 957 2548 per
982 2465 1105 2547 longius
1134 2465 1282 2547 temporis
1306 2463 1507 2530 intervallum

336 2576 431 2639 tidem
458 2574 518 2637 sihi
546 2573 668 2638 lecisset
695 2573 896 2638 mendacium
924 2574 963 2637 de
992 2573 1144 2638 industria
1173 2572 1347 2653 vulgatum.
1378 2571 1422 2634 Ile
1449 2572 1508 2635 hac

336 2680 543 2763 philosophiae
566 2686 656 2745 aetate
678 2697 747 2761 quae
772 2680 930 2745 Socratem
952 2680 1093 2761 sequitur
1114 2697 1149 2744 ac
1171 2680 1306 2744 manime
1327 2679 1360 2742 in
1383 2694 1507 2742 morum

336 2789 477 2853 doctrina
492 2793 612 2852 versata
627 2795 684 2867 est,
700 2793 730 2850 et
745 2804 814 2868 quaa
831 2787 958 2852 Sotione
973 2805 1009 2853 ac
1029 2786 1164 2851 Sotionis
1183 2786 1304 2852 aemulis
1322 2785 1506 2850 florentibus

339 2895 474 2975 duravit,
490 2896 521 2959 in
534 2895 666 2960 obscuro
679 2895 759 2959 nihil
772 2895 951 2977 relinquere
962 2895 1061 2959 critici
1073 2900 1227 2977 poterant,
1238 2895 1331 2958 modo
1341 2892 1507 2975 diligentes

336 3010 367 3066 et
388 3003 515 3081 eruditi,
542 3002 602 3066 nisi
624 3003 727 3067 lorsan
749 3003 788 3067 de
809 3001 985 3068 minoribns
1003 3002 1233 3067 Socraticorum
1252 3002 1380 3080 scholis,
1400 3002 1507 3083 quales

340 3110 468 3176 luerunt
483 3111 664 3190 Cyrenaica,
674 3108 790 3184 Elisos,
806 3110 962 3189 Eretrica3
977 3126 1166 3190 quamquam
1178 3109 1211 3174 in
1223 3108 1298 3190 illis,
1308 3108 1507 3174 bibliothecae

334 3215 553 3282 Alexandrinae
569 3223 621 3282 aut
639 3217 838 3298 Pergamenae
856 3216 953 3299 copiis
972 3234 1065 3281 nemo
1084 3234 1148 3281 non
1169 3223 1301 3298 poterat,
1321 3217 1415 3282 modo
1433 3217 1507 3281 satis

334 3325 487 3405 curiosus,
511 3323 728 3404 investigando
744 3323 931 3404 quaestiones
945 3323 1019 3389 istas
1033 3325 1184 3388 extricare
1203 3323 1334 3388 minime
1357 3324 1507 3389 inenoda-

333 3432 422 3496 biles.
446 3432 526 3496 Gurn
549 3431 675 3496 Socrate
698 3437 730 3494 et
754 3430 918 3496 Socraticis
943 3431 1055 3513 incipit
1072 3438 1146 3496 aetas
1166 3431 1374 3514 philosophiae
1399 3449 1506 3513 graeoae

332 3539 492 3619 historica,
505 3537 619 3602 desinit
632 3536 867 3603 antehistorica.
882 3539 949 3603 lam
964 3556 1075 3620 parum
1089 3550 1135 3602 est
1150 3545 1343 3621 compertum
1358 3555 1436 3619 quos
1453 3547 1507 3604 out

332 3647 459 3712 musica
473 3645 634 3726 magistros
648 3653 702 3709 aut
715 3645 869 3726 sophistas
883 3652 937 3710 aut
946 3645 1147 3728 philosophos
1159 3647 1299 3712 Socrates
1307 3647 1506 3726 juvenissire

331 3753 441 3834 legerit
455 3753 520 3816 sive
534 3751 748 3834 audiverit(¹)‚
764 3768 862 3832 quum
873 3753 1048 3833 Xenophon
1064 3759 1095 3816 et
1108 3753 1194 3817 Plato
1209 3753 1405 3834 magistriani
1418 3755 1505 3819 incu-

331 3862 446 3928 nabula
465 3859 552 3941 quasi
571 3858 717 3941 religiose
737 3858 923 3924 velaverint.
944 3859 969 3922 Α
989 3860 1155 3925 Socraticis
1175 3861 1248 3925 inde
1268 3861 1457 3927 exstiterunt
1475 3871 1506 3926 et

329 3967 507 4051 philosophi
521 3973 552 4031 et
561 3966 701 4031 historia
711 3966 971 4049 philosophorum
980 3967 1158 4050 scriptores,
1170 3976 1244 4034 ante
1258 3970 1417 4036 Socratem
1428 3987 1504 4036 uero

330 4074 507 4158 philosophi
526 4079 659 4150 tantum,
676 4082 712 4138 ut
725 4073 861 4138 historiae
876 4073 1040 4156 mendosi,
1056 4075 1098 4140 ita
1113 4082 1145 4139 et
1159 4076 1218 4158 ipsi
1234 4078 1421 4163 ἀνιστόρητοι.

371 4183 510 4258 Quorum
524 4180 636 4245 seriem
651 4197 687 4245 ac
701 4180 827 4264 proprie
840 4181 1090 4265 philosophicam
1105 4185 1324 4264 cognationem
1340 4202 1378 4250 en
1394 4184 1504 4250 intima

332 4290 545 4355 doctrinarum
562 4295 675 4354 natura
695 4288 926 4354 constituerunt
945 4289 1043 4355 aetatis
1062 4298 1177 4357 nostrae
1194 4291 1255 4357 riri
1271 4293 1354 4358 docti
1364 4314 1374 4370 ;
1396 4294 1505 4358 eadem

330 4397 452 4462 ratione
464 4395 624 4461 ueteribus
638 4392 854 4464 constituenda
873 4403 950 4462 erat.
971 4397 1144 4465 Guilahori
1163 4399 1189 4464 si
1209 4401 1291 4482 quis,
1315 4408 1350 4465 ut
1369 4419 1426 4483 par
1444 4408 1503 4483 est,

331 4522 405 4570 vere
437 4504 641 4587 philosophus
673 4511 705 4568 et
736 4491 934 4571 Aristotelius
963 4506 1080 4586 justam
1112 4507 1275 4590 impendat
1309 4525 1449 4590 operam,
1478 4507 1505 4571 is

330 4613 457 4678 demum
476 4609 642 4694 perspiciet
662 4610 738 4693 quid
757 4629 775 4678 a
795 4611 1010 4696 superioribus
1030 4613 1224 4698 philosophis
1244 4614 1377 4696 quisque
1396 4633 1504 4698 sump-

364 4845 395 4910 (1)
409 4848 435 4898 v.
447 4845 568 4909 Pouillde,
579 4845 617 4900 lo
627 4845 787 4910 Philosophia
795 4848 826 4898 de
835 4845 948 4910 Socrate,
960 4849 980 4900 t.
993 4848 1013 4910 l,
1025 4847 1082 4899 init.
