3622 5708
766 591 925 653 ..p5-.

301 726 464 801 Praeterea,
487 723 594 787 nullus
612 723 695 788 inter
716 722 787 787 illos
807 723 981 788 Aristotelis
1003 724 1172 808 discipulos
1193 727 1247 808 qui
1269 726 1437 795 laudantur

262 830 402 896 historici
421 831 524 914 potius
542 847 637 912 quam
655 831 847 914 philosophi,
863 832 982 912 nullus,
997 834 1080 913 dico,
1096 833 1161 897 sive
1175 833 1214 898 de
1228 832 1435 913 successione,

261 939 326 1020 sire
354 941 392 1003 de
419 939 492 1004 vitis
521 940 780 1023 philosophorum
807 947 907 1005 totum
932 939 1051 1022 aliquid
1076 957 1203 1021 unoque
1226 948 1335 1006 tenore
1359 957 1437 1023 opus

260 1046 385 1113 videtur
399 1047 622 1129 composuisse.

290 1153 453 1238 ›Opinatur
470 1156 598 1237 quidem
615 1155 666 1219 vir
685 1155 883 1220 doctissimus
901 1156 937 1221 G.
956 1154 1126 1220 Muellerus
1138 1161 1340 1220 Drcmxacnun
1355 1159 1437 1233 Βίους

262 1266 431 1347 φιλοσόφων,
447 1263 652 1328 Aarsroxnnun
667 1267 749 1340 Βίους
764 1266 881 1348 ὀυδρῶυ,
898 1263 1052 1347 imprimis
1066 1263 1338 1347 philosoph0rum,
1355 1281 1438 1330 com·
1534 1249 1537 1256 ¹

262 1370 402 1452 posuisse
423 1372 485 1452 (Pr.
501 1371 576 1436 hist.
593 1390 652 1453 gr,
669 1378 692 1435 t.
705 1371 741 1452 ll,
756 1390 788 1454 p.
804 1371 874 1445 ate,
891 1373 949 1435 271
965 1371 1436 1453 sqq.),anu1nllresiilihrum

263 1480 332 1562 Περὶ
346 1483 535 1563 Σωκρατικῶν
550 1479 691 1544 nonnisi
706 1485 826 1562 partem
837 1477 966 1560 majoris
976 1478 1079 1563 operis
1090 1480 1127 1544 de
1138 1479 1333 1562 philosophis
1343 1480 1437 1544 luisse

261 1584 500 1668 (chiupam),
513 1587 694 1652 Gnnxacnuu
704 1588 840 1668 denique
851 1587 1013 1668 Solensem
1023 1605 1088 1652 non
1099 1594 1223 1653 tantum
1235 1589 1274 1653 de
1285 1588 1436 1671 Arcesila,

261 1691 314 1757 sed
342 1693 436 1759 etiam
452 1695 517 1758 ‘de'
534 1694 603 1759 aliis
630 1695 826 1778 plxilosophis
853 1713 946 1778 opera
977 1695 1088 1761 ordine
1113 1695 1283 1778 composita
1305 1695 1438 1761 edidisse

262 1799 363 1883 (toln,
378 1821 409 1883 p.
430 1802 513 1882 317).
534 1802 594 1867 Sed
613 1803 647 1866 in
661 1804 720 1869 hac
735 1820 768 1868 re
783 1803 816 1869 C.
833 1803 1001 1868 Muellerus
1016 1803 1149 1869 nimium
1164 1803 1292 1885 ingenio
1311 1803 1438 1869 uidetur

262 1909 445 1990 indulgere·
547 1957 566 1968 «.
914 1913 917 1918 ’

302 2017 487 2084 Plutarchus
502 2019 630 2100 quidem
644 2026 809 2086 auctorest
825 2021 1030 2085 Amsroxnnux
1045 2021 1203 2104 scripsisse
1217 2025 1300 2098 Βίους
1318 2021 1436 2106 ἀνδρῶν,

262 2142 356 2206 quem
391 2143 517 2208 quoqne
551 2127 759 2210 Hieronymus
794 2130 1050 2212 chronographus
1085 2129 1225 2211 proxime
1255 2129 1441 2214 adiunctum
1475 2203 1476 2206 ρ

263 2233 405 2300 nominat
427 2235 608 2319 Hermippo,
633 2236 790 2318 Antigono
815 2237 965 2318 Carystio,
990 2239 1111 2318 Satyro,
1140 2235 1223 2302 inter
1249 2253 1302 2300 eos
1325 2253 1439 2319 nempe

262 2342 316 2422 qui
330 2341 410 2408 ritas
424 2341 595 2408 illustrium
608 2344 749 2409 virorum
768 2352 988 2424 narraverant3
1007 2353 1118 2410 verum
1137 2344 1212 2408 hinc
1230 2344 1439 2426 Hieronymus

262 2468 300 2514 ex
312 2453 399 2529 ,lama
418 2451 536 2517 incerta
554 2451 641 2533 loqui
660 2453 795 2533 videtur,
806 2453 905 2518 ‚illinc
920 2453 1030 2518 titulus
1046 2453 1100 2517 ille
1116 2471 1132 2518 a
1148 2453 1312 2518 Plutarcho
1328 2453 1440 2518 allatus

262 2559 343 2624 nihil
366 2577 440 2625 sane
462 2560 548 2625 aliud
572 2570 619 2624 est
638 2567 732 2642 atque
755 2561 866 2626 titulus
890 2560 1018 2643 qnidam
1043 2560 1218 2627 communis
1243 2559 1397 2642 posterius
1420 2577 1437 2626 a

262 2666 441 2750 bibliopolis
459 2675 514 2732 aut
531 2667 740 2748 grammaticis
761 2669 926 2752 impositus
945 2669 1037 2733 seriei
1051 2668 1286 2750 Vitaruquuas
1298 2685 1439 2734 seorsum

201 2783 205 2792 '
261 2775 466 2841 Aristoxenus
498 2785 715 2859 composuerat
750 2777 919 2858 singulas:
952 2793 1034 2842 unus
1067 2777 1152 2843 enim
1180 2783 1306 2842 tantum
1334 2785 1439 2864 poeta,

261 2883 395 2948 'lelestes
409 2901 534 2966 nempe,
549 2883 890 2968 philosopHi'quatuor,
902 2887 1100 2966 Pythagoras,
1112 2886 1272 2966 Archytas,
1284 2885 1438 2966 Socrates,

261 2992 359 3072 Plato,
375 2992 545 3059 laudantur
564 3009 699 3074 quorum
716 2993 795 3058 vitas
814 2993 973 3075 scripserit
990 2992 1204 3072 Aristoxenus,
1221 2993 1304 3072 quod
1323 2992 1439 3056 mirum

261 3101 398 3181 prolecto
413 3103 492 3166 leret
506 3102 532 3165 si
548 3101 670 3184 copiam
684 3101 822 3166 vitarum
837 3101 918 3165 serie
933 3099 1122 3180 digestarum
1137 3099 1342 3180 congessisset
1348 3119 1360 3178 3
1377 3105 1439 3164 tres

261 3215 365 3273 autem
384 3209 469 3274 locos
488 3210 526 3275 ad
547 3211 736 3291 Lycurgum,
752 3209 940 3292 Hipponem,
954 3209 1117 3273 Ponticum
1132 3207 1329 3272 Heraclidem
1343 3207 1439 3290 perti·

263 3323 384 3398 nentes,
400 3319 542 3401 ‘praehere
561 3324 733 3401 potnerunt
754 3324 809 3383 aut
833 3317 1048 3397 Ὑπομνήματα,
1073 3324 1127 3381 ant
1147 3319 1190 3380 Τὰ
1210 3319 1363 3401 exceperat,
1385 3323 1439 3381 aut

263 3428 410 3504 Σύμμικτα
424 3431 591 3505 συμποτικά,
608 3431 662 3492 aut
675 3425 755 3490 alius
768 3425 896 3507 quidam
910 3423 992 3488 liber
1007 3424 1099 3504 liujus
1113 3425 1307 3508 πολυγράρου,
1324 3421 1439 3506 quippe

262 3535 350 3615 cujus
377 3537 419 3598 Τὰ
446 3539 588 3620 σποράδην
615 3518 657 3600 ¹de
683 3537 813 3615 Mysone
837 3535 1030 3598 mentionem
1054 3529 1223 3597 habehant.
1251 3532 1295 3594 lle
1318 3529 1440 3598 duabus

263 3641 396 3707 Socratis
410 3649 441 3706 et
455 3642 592 3707 Platonis
607 3643 693 3723 vitis,
709 3660 842 3723 quarum
857 3642 924 3705 haec
939 3659 956 3706 a
970 3639 1129 3705 Demetrio
1144 3640 1296 3718 Magnete,
1315 3637 1440 3718 religio·

261 3749 383 3815 sissimo
403 3757 542 3822 auctore,
562 3753 643 3832 apud
664 3749 823 3816 Laertium
837 3751 886 3830 (V,
904 3750 956 3832 35)
970 3746 1094 3814 laudata
1111 3747 1182 3826 luit,
1199 3746 1253 3812 illa
1269 3746 1307 3811 ab
1323 3747 1439 3829 optimo

261 3857 396 3922 Platonis
416 3859 575 3941 Apologiae
594 3860 773 3940 scholiasta,
792 3859 879 3923 nulla
900 3859 960 3921 erit
979 3855 1160 3938 disputatio.
1183 3855 1241 3920 Sed
1265 3854 1439 3919 Aristoxeni

263 3965 300 4028 de
321 3967 490 4046 Pythagora
510 3967 657 4031 volumen
678 3968 735 4031 suh
757 3966 888 4031 diversis
907 3963 1005 4029 titulis
1025 3973 1302 4028 commemoratur:
1326 3962 1441 4026 dicitur

264 4073 346 4135 enim
376 4077 538 4159 Πυθαγόρου
569 4076 630 4152 βίος
653 4091 670 4143 a
694 4073 854 4138 Clemente
878 4071 1102 4149 Alexandrino,
1129 4087 1146 4133 a
1171 4068 1345 4133 Iamblicho
1371 4071 1440 4154 Περὶ

261 4184 446 4264 ουίίογορικοῡ
472 4185 544 4261 βίου,
570 4198 587 4245 a
612 4181 711 4245 Gellio
737 4178 810 4245 riter
832 4179 867 4243 de
893 4179 1080 4260 Pythagora,
1107 4178 1244 4258 denique
1271 4193 1287 4240 a
1316 4176 1440 4240 Laertio

263 4286 303 4366 (l,
326 4287 396 4369 lla)
415 4291 484 4373 Περὶ
503 4293 668 4373 Πυθαγόρου
688 4291 735 4353 καὶ
756 4297 811 4351 τῶν
830 4290 980 4372 γνωρίμων
1000 4289 1093 4366 αὐτοῦ,
1114 4285 1169 4364 qui
1187 4285 1314 4348 videtur
1331 4283 1441 4348 tilulus

262 4411 335 4458 vere
363 4395 532 4476 genuinus,
560 4402 668 4478 utpote
694 4395 748 4475 qui
775 4411 845 4459 cum
867 4394 1108 4458 enumeratione
1133 4391 1318 4466 consentiat,
1345 4408 1438 4472 quam

262 4502 345 4584 apud
373 4503 594 4568 Aristoxenum
624 4501 740 4568 alicubi
769 4503 863 4567 luisse
892 4507 1085 4584 compertum
1113 4506 1171 4579 est,
1200 4506 1439 4581 postremorum,

262 4626 340 4690 quos
364 4611 430 4692 ipse
452 4611 586 4690 viderat,
610 4611 884 4691 Pythagoreorum,
909 4609 1089 4693 auditorum
1113 4624 1225 4689 nempe
1250 4606 1383 4670 Philolai
1409 4615 1440 4669 et

261 4717 367 4798 Euryti
389 4717 495 4798 (Diog.
517 4718 552 4780 L.
566 4716 642 4796 Vlll,
657 4717 720 4799 hh),
738 4718 821 4782 inter
835 4734 912 4797 quos
926 4723 994 4780 erat
1007 4715 1202 4796 Xenophilus
1217 4714 1367 4792 musicus,
1383 4714 1436 4794 qni

260 4841 353 4905 supra
370 4824 510 4906 quinque
528 4833 559 4888 et
575 4833 702 4890 eentum
717 4840 816 4888 annos
831 4823 961 4888 Athenis
975 4821 1097 4886 vixerat
1110 4821 1161 4903 (ir.
1179 4821 1229 4899 l6,
1244 4839 1293 4903 ap.
1312 4820 1439 4886 Muelle-
