<?xml version="1.0" encoding="UTF-8"?>
<!DOCTYPE html PUBLIC "-//W3C//DTD XHTML 1.0 Transitional//EN"
    "http://www.w3.org/TR/xhtml1/DTD/xhtml1-transitional.dtd">
<html xmlns="http://www.w3.org/1999/xhtml" xml:lang="en" lang="en">
 <head>
  <title>
</title>
<meta http-equiv="Content-Type" content="text/html;charset=utf-8" />
  <meta name='ocr-system' content='tesseract 3.04.00' />
  <meta name='ocr-capabilities' content='ocr_page ocr_carea ocr_par ocr_line ocrx_word'/>
</head>
<body>
  <div class='ocr_page' id='page_1' title='image "./disputationisde00eggegoog_0079.png"; bbox 0 0 3622 5708; ppageno 0'>
   <div class='ocr_carea' id='block_1_1' title="bbox 896 614 1054 676">
    <p class='ocr_par' dir='ltr' id='par_1_1' title="bbox 896 614 1054 676">
     <span class='ocr_line' id='line_1_1' title="bbox 896 614 1054 676; baseline 0 -16"><span class='ocrx_word' id='word_1_1' title='bbox 896 614 1054 676; x_wconf 70' lang='lat' dir='ltr'>„gg-</span> 
     </span>
    </p>
   </div>
   <div class='ocr_carea' id='block_1_2' title="bbox 387 743 1641 2338">
    <p class='ocr_par' dir='ltr' id='par_1_2' title="bbox 387 743 1641 2012">
     <span class='ocr_line' id='line_1_2' title="bbox 391 743 1558 831; baseline 0.001 -18"><span class='ocrx_word' id='word_1_2' title='bbox 391 749 484 814; x_wconf 92' lang='lat' dir='ltr'>etiam</span> <span class='ocrx_word' id='word_1_3' title='bbox 499 743 667 831; x_wconf 81' lang='lat' dir='ltr'>peculiaris</span> <span class='ocrx_word' id='word_1_4' title='bbox 681 748 748 812; x_wconf 90' lang='lat' dir='ltr'>baec</span> <span class='ocrx_word' id='word_1_5' title='bbox 762 754 829 812; x_wconf 83' lang='lat' dir='ltr'>erat</span> <span class='ocrx_word' id='word_1_6' title='bbox 842 757 873 811; x_wconf 86' lang='lat' dir='ltr'>et</span> <span class='ocrx_word' id='word_1_7' title='bbox 887 746 1043 830; x_wconf 91' lang='lat' dir='ltr'>proposita</span> <span class='ocrx_word' id='word_1_8' title='bbox 1057 763 1147 811; x_wconf 92' lang='lat' dir='ltr'>mens</span> <span class='ocrx_word' id='word_1_9' title='bbox 1166 754 1212 827; x_wconf 93' lang='lat' dir='ltr'>ut,</span> <span class='ocrx_word' id='word_1_10' title='bbox 1227 747 1358 829; x_wconf 81' lang='lat' dir='ltr'>Cynicos</span> <span class='ocrx_word' id='word_1_11' title='bbox 1375 750 1558 830; x_wconf 90' lang='lat' dir='ltr'>premendo,</span> 
     </span>
     <span class='ocr_line' id='line_1_3' title="bbox 390 855 1560 937; baseline -0.002 -17"><span class='ocrx_word' id='word_1_12' title='bbox 390 857 484 921; x_wconf 90' lang='lat' dir='ltr'>simul</span> <span class='ocrx_word' id='word_1_13' title='bbox 500 856 669 937; x_wconf 79' lang='lat' dir='ltr'><strong>Megaricos</strong></span> <span class='ocrx_word' id='word_1_14' title='bbox 679 855 852 920; x_wconf 88' lang='lat' dir='ltr'>extolleret.</span> <span class='ocrx_word' id='word_1_15' title='bbox 868 855 1004 920; x_wconf 79' lang='lat' dir='ltr'>Pretium</span> <span class='ocrx_word' id='word_1_16' title='bbox 1020 861 1124 920; x_wconf 91' lang='lat' dir='ltr'>autem</span> <span class='ocrx_word' id='word_1_17' title='bbox 1139 860 1186 918; x_wconf 89' lang='lat' dir='ltr'>est</span> <span class='ocrx_word' id='word_1_18' title='bbox 1199 871 1301 936; x_wconf 83' lang='lat' dir='ltr'>operm</span> <span class='ocrx_word' id='word_1_19' title='bbox 1316 861 1424 920; x_wconf 91' lang='lat' dir='ltr'>notare</span> <span class='ocrx_word' id='word_1_20' title='bbox 1439 863 1560 920; x_wconf 91' lang='lat' dir='ltr'>senten-</span> 
     </span>
     <span class='ocr_line' id='line_1_4' title="bbox 390 962 1558 1043; baseline 0 -17"><span class='ocrx_word' id='word_1_21' title='bbox 390 963 466 1028; x_wconf 83' lang='lat' dir='ltr'><strong>tiam</strong></span> <span class='ocrx_word' id='word_1_22' title='bbox 492 964 558 1043; x_wconf 83' lang='lat' dir='ltr'>ejus</span> <span class='ocrx_word' id='word_1_23' title='bbox 579 981 650 1028; x_wconf 93' lang='lat' dir='ltr'>cum</span> <span class='ocrx_word' id='word_1_24' title='bbox 674 962 850 1027; x_wconf 91' lang='lat' dir='ltr'>Alexandro</span> <span class='ocrx_word' id='word_1_25' title='bbox 880 977 1063 1041; x_wconf 81' lang='lat' dir='ltr'>congruere,</span> <span class='ocrx_word' id='word_1_26' title='bbox 1089 977 1185 1042; x_wconf 90' lang='lat' dir='ltr'>quum</span> <span class='ocrx_word' id='word_1_27' title='bbox 1213 968 1346 1042; x_wconf 87' lang='lat' dir='ltr'>uterque</span> <span class='ocrx_word' id='word_1_28' title='bbox 1374 963 1558 1043; x_wconf 79' lang='lat' dir='ltr'>Megaricam</span> 
     </span>
     <span class='ocr_line' id='line_1_5' title="bbox 391 1069 1558 1150; baseline -0.001 -14"><span class='ocrx_word' id='word_1_29' title='bbox 391 1070 585 1136; x_wconf 87' lang='lat' dir='ltr'>dialecticam</span> <span class='ocrx_word' id='word_1_30' title='bbox 599 1071 717 1134; x_wconf 87' lang='lat' dir='ltr'>iontem</span> <span class='ocrx_word' id='word_1_31' title='bbox 731 1069 826 1134; x_wconf 89' lang='lat' dir='ltr'>luisse</span> <span class='ocrx_word' id='word_1_32' title='bbox 842 1069 1054 1134; x_wconf 81' lang='lat' dir='ltr'>doctrinarum</span> <span class='ocrx_word' id='word_1_33' title='bbox 1065 1069 1222 1150; x_wconf 84' lang='lat' dir='ltr'>praecipue</span> <span class='ocrx_word' id='word_1_34' title='bbox 1236 1070 1431 1134; x_wconf 91' lang='lat' dir='ltr'>uberrimum</span> <span class='ocrx_word' id='word_1_35' title='bbox 1446 1070 1558 1150; x_wconf 88' lang='lat' dir='ltr'>cogita·</span> 
     </span>
     <span class='ocr_line' id='line_1_6' title="bbox 390 1175 1558 1258; baseline -0.001 -17"><span class='ocrx_word' id='word_1_36' title='bbox 390 1178 471 1242; x_wconf 82' lang='lat' dir='ltr'>visse</span> <span class='ocrx_word' id='word_1_37' title='bbox 492 1178 647 1243; x_wconf 85' lang='lat' dir='ltr'>videatur.</span> <span class='ocrx_word' id='word_1_38' title='bbox 676 1179 820 1243; x_wconf 83' lang='lat' dir='ltr'>ceterum</span> <span class='ocrx_word' id='word_1_39' title='bbox 847 1175 1040 1258; x_wconf 90' lang='lat' dir='ltr'>Hippobotus</span> <span class='ocrx_word' id='word_1_40' title='bbox 1067 1175 1197 1256; x_wconf 82' lang='lat' dir='ltr'>Cynicos</span> <span class='ocrx_word' id='word_1_41' title='bbox 1218 1183 1249 1240; x_wconf 91' lang='lat' dir='ltr'>et</span> <span class='ocrx_word' id='word_1_42' title='bbox 1269 1178 1465 1258; x_wconf 77' lang='lat' dir='ltr'>Pymboneos</span> <span class='ocrx_word' id='word_1_43' title='bbox 1485 1193 1558 1241; x_wconf 84' lang='lat' dir='ltr'>vere</span> 
     </span>
     <span class='ocr_line' id='line_1_7' title="bbox 390 1282 1559 1368; baseline 0.003 -22"><span class='ocrx_word' id='word_1_44' title='bbox 390 1292 544 1349; x_wconf 87' lang='lat' dir='ltr'>sectarum</span> <span class='ocrx_word' id='word_1_45' title='bbox 556 1285 684 1349; x_wconf 92' lang='lat' dir='ltr'>nomine</span> <span class='ocrx_word' id='word_1_46' title='bbox 699 1284 810 1365; x_wconf 89' lang='lat' dir='ltr'>dignos</span> <span class='ocrx_word' id='word_1_47' title='bbox 825 1301 891 1348; x_wconf 91' lang='lat' dir='ltr'>esse</span> <span class='ocrx_word' id='word_1_48' title='bbox 903 1284 1048 1363; x_wconf 88' lang='lat' dir='ltr'>negabat,</span> <span class='ocrx_word' id='word_1_49' title='bbox 1062 1284 1146 1363; x_wconf 92' lang='lat' dir='ltr'>quod</span> <span class='ocrx_word' id='word_1_50' title='bbox 1158 1283 1254 1365; x_wconf 91' lang='lat' dir='ltr'>ipsius</span> <span class='ocrx_word' id='word_1_51' title='bbox 1266 1282 1339 1348; x_wconf 84' lang='lat' dir='ltr'>libri</span> <span class='ocrx_word' id='word_1_52' title='bbox 1354 1283 1559 1368; x_wconf 88' lang='lat' dir='ltr'>sqmmarium</span> 
     </span>
     <span class='ocr_line' id='line_1_8' title="bbox 389 1391 1559 1473; baseline -0.001 -18"><span class='ocrx_word' id='word_1_53' title='bbox 389 1392 421 1456; x_wconf 92' lang='lat' dir='ltr'>in</span> <span class='ocrx_word' id='word_1_54' title='bbox 446 1392 559 1456; x_wconf 90' lang='lat' dir='ltr'>Laertii</span> <span class='ocrx_word' id='word_1_55' title='bbox 582 1392 734 1473; x_wconf 91' lang='lat' dir='ltr'>prooemio</span> <span class='ocrx_word' id='word_1_56' title='bbox 759 1398 928 1470; x_wconf 88' lang='lat' dir='ltr'>servatum,</span> <span class='ocrx_word' id='word_1_57' title='bbox 956 1391 1109 1468; x_wconf 83' lang='lat' dir='ltr'>declarat3</span> <span class='ocrx_word' id='word_1_58' title='bbox 1138 1391 1209 1456; x_wconf 90' lang='lat' dir='ltr'>ilios</span> <span class='ocrx_word' id='word_1_59' title='bbox 1234 1391 1391 1466; x_wconf 88' lang='lat' dir='ltr'>videlicet,</span> <span class='ocrx_word' id='word_1_60' title='bbox 1419 1391 1500 1456; x_wconf 90' lang='lat' dir='ltr'>sicut</span> <span class='ocrx_word' id='word_1_61' title='bbox 1528 1395 1559 1455; x_wconf 92' lang='lat' dir='ltr'>el</span> 
     </span>
     <span class='ocr_line' id='line_1_9' title="bbox 389 1498 1560 1580; baseline 0.001 -19"><span class='ocrx_word' id='word_1_62' title='bbox 389 1499 589 1579; x_wconf 90' lang='lat' dir='ltr'>Dialecticos,</span> <span class='ocrx_word' id='word_1_63' title='bbox 613 1517 680 1563; x_wconf 92' lang='lat' dir='ltr'>esse</span> <span class='ocrx_word' id='word_1_64' title='bbox 705 1499 791 1580; x_wconf 89' lang='lat' dir='ltr'>quasi</span> <span class='ocrx_word' id='word_1_65' title='bbox 813 1498 969 1563; x_wconf 85' lang='lat' dir='ltr'>recidivus</span> <span class='ocrx_word' id='word_1_66' title='bbox 989 1498 1116 1562; x_wconf 79' lang='lat' dir='ltr'>frutices</span> <span class='ocrx_word' id='word_1_67' title='bbox 1142 1515 1159 1562; x_wconf 91' lang='lat' dir='ltr'>e</span> <span class='ocrx_word' id='word_1_68' title='bbox 1182 1499 1332 1579; x_wconf 88' lang='lat' dir='ltr'>Megarica</span> <span class='ocrx_word' id='word_1_69' title='bbox 1353 1498 1449 1580; x_wconf 85' lang='lat' dir='ltr'>stirpe</span> <span class='ocrx_word' id='word_1_70' title='bbox 1477 1506 1560 1562; x_wconf 91' lang='lat' dir='ltr'>ortos</span> 
     </span>
     <span class='ocr_line' id='line_1_10' title="bbox 389 1605 1558 1687; baseline 0 -18"><span class='ocrx_word' id='word_1_71' title='bbox 389 1606 604 1683; x_wconf 83' lang='lat' dir='ltr'>existimabat3</span> <span class='ocrx_word' id='word_1_72' title='bbox 628 1623 688 1686; x_wconf 88' lang='lat' dir='ltr'>qua</span> <span class='ocrx_word' id='word_1_73' title='bbox 715 1605 747 1670; x_wconf 91' lang='lat' dir='ltr'>in</span> <span class='ocrx_word' id='word_1_74' title='bbox 771 1606 926 1671; x_wconf 91' lang='lat' dir='ltr'>sententia</span> <span class='ocrx_word' id='word_1_75' title='bbox 947 1621 1022 1670; x_wconf 87' lang='lat' dir='ltr'>sane</span> <span class='ocrx_word' id='word_1_76' title='bbox 1045 1622 1116 1670; x_wconf 89' lang='lat' dir='ltr'>cum</span> <span class='ocrx_word' id='word_1_77' title='bbox 1136 1605 1313 1670; x_wconf 89' lang='lat' dir='ltr'>Alexandro</span> <span class='ocrx_word' id='word_1_78' title='bbox 1332 1605 1558 1687; x_wconf 86' lang='lat' dir='ltr'>consentiebat,</span> 
     </span>
     <span class='ocr_line' id='line_1_11' title="bbox 388 1713 1641 1796; baseline -0.001 -18"><span class='ocrx_word' id='word_1_79' title='bbox 388 1716 454 1778; x_wconf 91' lang='lat' dir='ltr'>sive</span> <span class='ocrx_word' id='word_1_80' title='bbox 471 1715 522 1778; x_wconf 90' lang='lat' dir='ltr'>bic</span> <span class='ocrx_word' id='word_1_81' title='bbox 536 1720 627 1779; x_wconf 90' lang='lat' dir='ltr'>aetate</span> <span class='ocrx_word' id='word_1_82' title='bbox 643 1714 753 1793; x_wconf 91' lang='lat' dir='ltr'>major,</span> <span class='ocrx_word' id='word_1_83' title='bbox 769 1713 834 1776; x_wconf 85' lang='lat' dir='ltr'>sive</span> <span class='ocrx_word' id='word_1_84' title='bbox 848 1713 953 1777; x_wconf 93' lang='lat' dir='ltr'>minor</span> <span class='ocrx_word' id='word_1_85' title='bbox 972 1713 1098 1790; x_wconf 83' lang='lat' dir='ltr'>luisset3</span> <span class='ocrx_word' id='word_1_86' title='bbox 1114 1713 1327 1779; x_wconf 83' lang='lat' dir='ltr'>Alexandrum</span> <span class='ocrx_word' id='word_1_87' title='bbox 1342 1719 1446 1778; x_wconf 81' lang='lat' dir='ltr'>autem</span> <span class='ocrx_word' id='word_1_88' title='bbox 1461 1719 1561 1796; x_wconf 88' lang='lat' dir='ltr'>poste·</span> <span class='ocrx_word' id='word_1_89' title='bbox 1638 1749 1641 1754; x_wconf 91' lang='lat'>·</span> 
     </span>
     <span class='ocr_line' id='line_1_12' title="bbox 387 1821 1559 1904; baseline -0.001 -18"><span class='ocrx_word' id='word_1_90' title='bbox 387 1823 503 1886; x_wconf 89' lang='lat' dir='ltr'>riorem</span> <span class='ocrx_word' id='word_1_91' title='bbox 517 1823 615 1886; x_wconf 89' lang='lat' dir='ltr'>luisse</span> <span class='ocrx_word' id='word_1_92' title='bbox 637 1822 755 1896; x_wconf 89' lang='lat' dir='ltr'>malim,</span> <span class='ocrx_word' id='word_1_93' title='bbox 779 1821 894 1904; x_wconf 86' lang='lat' dir='ltr'>quippe</span> <span class='ocrx_word' id='word_1_94' title='bbox 914 1821 1090 1904; x_wconf 90' lang='lat' dir='ltr'>Hippoboto</span> <span class='ocrx_word' id='word_1_95' title='bbox 1112 1828 1180 1887; x_wconf 92' lang='lat' dir='ltr'>erat</span> <span class='ocrx_word' id='word_1_96' title='bbox 1200 1821 1323 1887; x_wconf 87' lang='lat' dir='ltr'>novitas</span> <span class='ocrx_word' id='word_1_97' title='bbox 1341 1821 1375 1887; x_wconf 93' lang='lat' dir='ltr'>in</span> <span class='ocrx_word' id='word_1_98' title='bbox 1395 1821 1559 1904; x_wconf 88' lang='lat' dir='ltr'>cogitando</span> 
     </span>
     <span class='ocr_line' id='line_1_13' title="bbox 387 1930 1139 2012; baseline -0.007 -15"><span class='ocrx_word' id='word_1_99' title='bbox 387 1947 448 2012; x_wconf 89' lang='lat' dir='ltr'>qua</span> <span class='ocrx_word' id='word_1_100' title='bbox 463 1949 527 1996; x_wconf 93' lang='lat' dir='ltr'>non</span> <span class='ocrx_word' id='word_1_101' title='bbox 541 1931 666 1996; x_wconf 89' lang='lat' dir='ltr'>videtur</span> <span class='ocrx_word' id='word_1_102' title='bbox 680 1930 776 1995; x_wconf 89' lang='lat' dir='ltr'>luisse</span> <span class='ocrx_word' id='word_1_103' title='bbox 790 1930 939 2012; x_wconf 83' lang='lat' dir='ltr'>preditus</span> <span class='ocrx_word' id='word_1_104' title='bbox 952 1931 1139 1996; x_wconf 79' lang='lat' dir='ltr'>Alexander.</span> 
     </span>
    </p>

    <p class='ocr_par' dir='ltr' id='par_1_3' title="bbox 429 2038 1369 2119">
     <span class='ocr_line' id='line_1_14' title="bbox 429 2038 1369 2119; baseline -0.004 -15"><span class='ocrx_word' id='word_1_105' title='bbox 429 2040 587 2119; x_wconf 84' lang='lat' dir='ltr'>Ceterum,</span> <span class='ocrx_word' id='word_1_106' title='bbox 603 2038 662 2102; x_wconf 90' lang='lat' dir='ltr'>boo</span> <span class='ocrx_word' id='word_1_107' title='bbox 676 2039 894 2117; x_wconf 88' lang='lat' dir='ltr'>summarium,</span> <span class='ocrx_word' id='word_1_108' title='bbox 910 2045 945 2102; x_wconf 91' lang='lat' dir='ltr'>ut</span> <span class='ocrx_word' id='word_1_109' title='bbox 959 2053 1015 2119; x_wconf 90' lang='lat' dir='ltr'>par</span> <span class='ocrx_word' id='word_1_110' title='bbox 1029 2045 1087 2117; x_wconf 91' lang='lat' dir='ltr'>est,</span> <span class='ocrx_word' id='word_1_111' title='bbox 1103 2038 1345 2103; x_wconf 86' lang='lat' dir='ltr'>transcribamus</span> <span class='ocrx_word' id='word_1_112' title='bbox 1361 2058 1369 2100; x_wconf 75' lang='grc' dir='ltr'>ε</span> 
     </span>
    </p>

    <p class='ocr_par' dir='ltr' id='par_1_4' title="bbox 388 2143 1561 2338">
     <span class='ocr_line' id='line_1_15' title="bbox 430 2143 1561 2228; baseline 0 -20"><span class='ocrx_word' id='word_1_113' title='bbox 430 2147 465 2208; x_wconf 78' lang='lat' dir='ltr'>l).</span> <span class='ocrx_word' id='word_1_114' title='bbox 486 2149 520 2210; x_wconf 83' lang='lat' dir='ltr'>L.</span> <span class='ocrx_word' id='word_1_115' title='bbox 541 2147 592 2211; x_wconf 83' lang='lat' dir='ltr'>Pr.</span> <span class='ocrx_word' id='word_1_116' title='bbox 616 2143 732 2209; x_wconf 63' lang='lat' dir='ltr'>lii-20:</span> <span class='ocrx_word' id='word_1_117' title='bbox 763 2143 923 2220; x_wconf 77' lang='grc' dir='ltr'>Ἱππόόοτος</span> <span class='ocrx_word' id='word_1_118' title='bbox 948 2145 1019 2207; x_wconf 80' lang='grc' dir='ltr'>δ’έν</span> <span class='ocrx_word' id='word_1_119' title='bbox 1049 2153 1089 2226; x_wconf 81' lang='grc' dir='ltr'>τῷ</span> <span class='ocrx_word' id='word_1_120' title='bbox 1118 2145 1185 2228; x_wconf 72' lang='grc' dir='ltr'>Περὶ</span> <span class='ocrx_word' id='word_1_121' title='bbox 1214 2148 1347 2228; x_wconf 77' lang='grc' dir='ltr'>αἱρέσεων</span> <span class='ocrx_word' id='word_1_122' title='bbox 1376 2147 1455 2210; x_wconf 84' lang='grc' dir='ltr'>έννέο</span> <span class='ocrx_word' id='word_1_123' title='bbox 1482 2146 1561 2228; x_wconf 78' lang='grc' dir='ltr'>ρησὶν</span> 
     </span>
     <span class='ocr_line' id='line_1_16' title="bbox 388 2250 1559 2338; baseline -0.002 -20"><span class='ocrx_word' id='word_1_124' title='bbox 388 2257 507 2338; x_wconf 78' lang='grc' dir='ltr'>αἱρέσεις</span> <span class='ocrx_word' id='word_1_125' title='bbox 531 2253 579 2316; x_wconf 76' lang='grc' dir='ltr'>καὶ</span> <span class='ocrx_word' id='word_1_126' title='bbox 604 2253 722 2334; x_wconf 79' lang='grc' dir='ltr'>ἀγωγὰς</span> <span class='ocrx_word' id='word_1_127' title='bbox 748 2250 819 2315; x_wconf 82' lang='grc' dir='ltr'>εἶναι</span> <span class='ocrx_word' id='word_1_128' title='bbox 844 2275 851 2290; x_wconf 88' lang='grc'><em>·</em></span> <span class='ocrx_word' id='word_1_129' title='bbox 874 2250 987 2334; x_wconf 87' lang='grc' dir='ltr'>πρώτην</span> <span class='ocrx_word' id='word_1_130' title='bbox 1012 2257 1195 2336; x_wconf 76' lang='grc' dir='ltr'>Μεγαρικήν,</span> <span class='ocrx_word' id='word_1_131' title='bbox 1222 2254 1352 2337; x_wconf 82' lang='grc' dir='ltr'>δευτέραν</span> <span class='ocrx_word' id='word_1_132' title='bbox 1383 2251 1559 2338; x_wconf 77' lang='grc' dir='ltr'>Ἐρετρικήν,</span> 
     </span>
    </p>
   </div>
   <div class='ocr_carea' id='block_1_3' title="bbox 387 2359 1560 2660">
    <p class='ocr_par' dir='ltr' id='par_1_5' title="bbox 387 2359 1560 2660">
     <span class='ocr_line' id='line_1_17' title="bbox 387 2359 1560 2447; baseline -0.003 -20"><span class='ocrx_word' id='word_1_133' title='bbox 387 2367 484 2447; x_wconf 83' lang='grc' dir='ltr'>τρίτην</span> <span class='ocrx_word' id='word_1_134' title='bbox 513 2366 705 2446; x_wconf 81' lang='grc' dir='ltr'>Κυρηναϊκήν,</span> <span class='ocrx_word' id='word_1_135' title='bbox 728 2365 863 2443; x_wconf 79' lang='grc' dir='ltr'>τετάρτην</span> <span class='ocrx_word' id='word_1_136' title='bbox 884 2359 1086 2443; x_wconf 78' lang='grc' dir='ltr'>Ἐπικούρειον,</span> <span class='ocrx_word' id='word_1_137' title='bbox 1109 2365 1239 2440; x_wconf 81' lang='grc' dir='ltr'>πέμπτην</span> <span class='ocrx_word' id='word_1_138' title='bbox 1260 2359 1450 2444; x_wconf 88' lang='grc' dir='ltr'>Ἀννικέρειον,</span> <span class='ocrx_word' id='word_1_139' title='bbox 1476 2366 1560 2440; x_wconf 85' lang='grc' dir='ltr'>ἕκτην</span> 
     </span>
     <span class='ocr_line' id='line_1_18' title="bbox 387 2466 1560 2553; baseline -0.004 -18"><span class='ocrx_word' id='word_1_140' title='bbox 387 2468 568 2553; x_wconf 78' lang='grc' dir='ltr'>Θεοδώρειον,</span> <span class='ocrx_word' id='word_1_141' title='bbox 593 2471 713 2547; x_wconf 76' lang='grc' dir='ltr'>έόδόμην</span> <span class='ocrx_word' id='word_1_142' title='bbox 738 2466 892 2545; x_wconf 86' lang='grc' dir='ltr'>Ζηνώνειον</span> <span class='ocrx_word' id='word_1_143' title='bbox 913 2470 964 2545; x_wconf 81' lang='grc' dir='ltr'>τὴν</span> <span class='ocrx_word' id='word_1_144' title='bbox 990 2467 1036 2529; x_wconf 74' lang='grc' dir='ltr'>καὶ</span> <span class='ocrx_word' id='word_1_145' title='bbox 1060 2471 1200 2546; x_wconf 79' lang='grc' dir='ltr'>Στωικήν,</span> <span class='ocrx_word' id='word_1_146' title='bbox 1223 2469 1327 2548; x_wconf 75' lang='grc' dir='ltr'>ὀγδόην</span> <span class='ocrx_word' id='word_1_147' title='bbox 1348 2466 1560 2548; x_wconf 84' lang='grc' dir='ltr'>Ἀκαδημαϊκὴν</span> 
     </span>
     <span class='ocr_line' id='line_1_19' title="bbox 387 2573 1558 2660; baseline -0.003 -19"><span class='ocrx_word' id='word_1_148' title='bbox 387 2581 438 2656; x_wconf 84' lang='grc' dir='ltr'>τὴν</span> <span class='ocrx_word' id='word_1_149' title='bbox 461 2579 593 2660; x_wconf 82' lang='grc' dir='ltr'>ἀρχαίαν,</span> <span class='ocrx_word' id='word_1_150' title='bbox 618 2578 718 2654; x_wconf 79' lang='grc' dir='ltr'>ἐνάτην</span> <span class='ocrx_word' id='word_1_151' title='bbox 740 2580 967 2659; x_wconf 81' lang='grc' dir='ltr'>Περιπατητικήν</span> <span class='ocrx_word' id='word_1_152' title='bbox 992 2599 998 2612; x_wconf 94' lang='grc'>·</span> <span class='ocrx_word' id='word_1_153' title='bbox 1023 2576 1087 2638; x_wconf 81' lang='grc' dir='ltr'>οὔτε</span> <span class='ocrx_word' id='word_1_154' title='bbox 1107 2577 1137 2637; x_wconf 85' lang='grc' dir='ltr'>δέ</span> <span class='ocrx_word' id='word_1_155' title='bbox 1163 2579 1295 2656; x_wconf 78' lang='grc' dir='ltr'>Κυνικήν,</span> <span class='ocrx_word' id='word_1_156' title='bbox 1318 2576 1381 2638; x_wconf 85' lang='grc' dir='ltr'>οὔτε</span> <span class='ocrx_word' id='word_1_157' title='bbox 1407 2573 1558 2653; x_wconf 77' lang='grc' dir='ltr'>Ἠλιακήν,</span> 
     </span>
    </p>
   </div>
   <div class='ocr_carea' id='block_1_4' title="bbox 385 2680 1600 4916">
    <p class='ocr_par' dir='ltr' id='par_1_6' title="bbox 387 2680 1560 2874">
     <span class='ocr_line' id='line_1_20' title="bbox 387 2680 1560 2766; baseline -0.003 -18"><span class='ocrx_word' id='word_1_158' title='bbox 387 2685 451 2748; x_wconf 82' lang='grc' dir='ltr'>οὔτε</span> <span class='ocrx_word' id='word_1_159' title='bbox 472 2685 672 2760; x_wconf 82' lang='grc' dir='ltr'>Διαλεκτικήν.</span> <span class='ocrx_word' id='word_1_160' title='bbox 690 2685 745 2760; x_wconf 80' lang='grc' dir='ltr'>Τὴν</span> <span class='ocrx_word' id='word_1_161' title='bbox 767 2685 891 2766; x_wconf 78' lang='grc' dir='ltr'>μὲνγὰρ</span> <span class='ocrx_word' id='word_1_162' title='bbox 914 2680 1086 2765; x_wconf 86' lang='grc' dir='ltr'>Πυρρώνειον</span> <span class='ocrx_word' id='word_1_163' title='bbox 1109 2681 1169 2745; x_wconf 84' lang='grc' dir='ltr'>οὐδ’</span> <span class='ocrx_word' id='word_1_164' title='bbox 1183 2684 1208 2743; x_wconf 87' lang='grc' dir='ltr'>οἱ</span> <span class='ocrx_word' id='word_1_165' title='bbox 1228 2684 1344 2758; x_wconf 79' lang='grc' dir='ltr'>πλείους</span> <span class='ocrx_word' id='word_1_166' title='bbox 1364 2682 1462 2762; x_wconf 87' lang='lat' dir='ltr'>(inter</span> <span class='ocrx_word' id='word_1_167' title='bbox 1483 2699 1560 2762; x_wconf 86' lang='lat' dir='ltr'>quos</span> 
     </span>
     <span class='ocr_line' id='line_1_21' title="bbox 387 2789 1391 2874; baseline -0.003 -19"><span class='ocrx_word' id='word_1_168' title='bbox 387 2792 457 2855; x_wconf 83' lang='lat' dir='ltr'>sine</span> <span class='ocrx_word' id='word_1_169' title='bbox 473 2790 571 2855; x_wconf 86' lang='lat' dir='ltr'>dubio</span> <span class='ocrx_word' id='word_1_170' title='bbox 587 2789 793 2871; x_wconf 83' lang='lat' dir='ltr'>Hippobolus)</span> <span class='ocrx_word' id='word_1_171' title='bbox 809 2793 1023 2874; x_wconf 85' lang='grc' dir='ltr'>προσποιοῦνται</span> <span class='ocrx_word' id='word_1_172' title='bbox 1038 2791 1084 2852; x_wconf 82' lang='grc' dir='ltr'>διὰ</span> <span class='ocrx_word' id='word_1_173' title='bbox 1097 2792 1148 2867; x_wconf 85' lang='grc' dir='ltr'>τὴν</span> <span class='ocrx_word' id='word_1_174' title='bbox 1165 2790 1309 2872; x_wconf 78' lang='grc' dir='ltr'>ἀσάφειαν,</span> <span class='ocrx_word' id='word_1_175' title='bbox 1326 2792 1391 2853; x_wconf 85' lang='grc' dir='ltr'>κτλ.</span> 
     </span>
    </p>

    <p class='ocr_par' dir='ltr' id='par_1_7' title="bbox 385 2895 1600 4807">
     <span class='ocr_line' id='line_1_22' title="bbox 430 2895 1561 2978; baseline -0.002 -16"><span class='ocrx_word' id='word_1_176' title='bbox 430 2899 521 2962; x_wconf 82' lang='grc' dir='ltr'>Ηιιιια</span> <span class='ocrx_word' id='word_1_177' title='bbox 534 2898 640 2962; x_wconf 91' lang='lat' dir='ltr'>locum</span> <span class='ocrx_word' id='word_1_178' title='bbox 655 2897 772 2978; x_wconf 94' lang='lat' dir='ltr'>optime</span> <span class='ocrx_word' id='word_1_179' title='bbox 786 2895 954 2960; x_wconf 85' lang='lat' dir='ltr'>illustravit</span> <span class='ocrx_word' id='word_1_180' title='bbox 968 2895 1163 2960; x_wconf 85' lang='lat' dir='ltr'>Nietzscbius</span> <span class='ocrx_word' id='word_1_181' title='bbox 1178 2895 1250 2978; x_wconf 80' lang='lat' dir='ltr'>(Ab.</span> <span class='ocrx_word' id='word_1_182' title='bbox 1267 2897 1322 2976; x_wconf 94' lang='lat' dir='ltr'>M.,</span> <span class='ocrx_word' id='word_1_183' title='bbox 1340 2897 1426 2970; x_wconf 81' lang='lat'>1870,</span> <span class='ocrx_word' id='word_1_184' title='bbox 1444 2915 1475 2978; x_wconf 90' lang='lat' dir='ltr'>p.</span> <span class='ocrx_word' id='word_1_185' title='bbox 1491 2898 1561 2962; x_wconf 70' lang='lat'>223-</span> 
     </span>
     <span class='ocr_line' id='line_1_23' title="bbox 387 3003 1561 3087; baseline -0.003 -16"><span class='ocrx_word' id='word_1_186' title='bbox 387 3007 476 3086; x_wconf 67' lang='lat' dir='ltr'>titt:</span> <span class='ocrx_word' id='word_1_187' title='bbox 498 3003 646 3069; x_wconf 81' lang='lat' dir='ltr'>«Nullam</span> <span class='ocrx_word' id='word_1_188' title='bbox 660 3004 856 3085; x_wconf 86' lang='lat' dir='ltr'>Hippobotus</span> <span class='ocrx_word' id='word_1_189' title='bbox 870 3003 996 3082; x_wconf 85' lang='lat' dir='ltr'>agnovit</span> <span class='ocrx_word' id='word_1_190' title='bbox 1011 3007 1169 3087; x_wconf 77' lang='grc' dir='ltr'>φιλοσόφων</span> <span class='ocrx_word' id='word_1_191' title='bbox 1184 3007 1297 3087; x_wconf 77' lang='grc' dir='ltr'>αἵρεσιν,</span> <span class='ocrx_word' id='word_1_192' title='bbox 1314 3003 1374 3067; x_wconf 93' lang='lat' dir='ltr'>nisi</span> <span class='ocrx_word' id='word_1_193' title='bbox 1388 3021 1458 3084; x_wconf 83' lang='lat' dir='ltr'>quae</span> <span class='ocrx_word' id='word_1_194' title='bbox 1469 3005 1561 3069; x_wconf 89' lang='lat' dir='ltr'>certis</span> 
     </span>
     <span class='ocr_line' id='line_1_24' title="bbox 387 3111 1561 3196; baseline -0.002 -18"><span class='ocrx_word' id='word_1_195' title='bbox 387 3117 507 3196; x_wconf 75' lang='grc' dir='ltr'>δόγμασι</span> <span class='ocrx_word' id='word_1_196' title='bbox 528 3112 758 3193; x_wconf 84' lang='lat' dir='ltr'>circumscripta</span> <span class='ocrx_word' id='word_1_197' title='bbox 779 3113 829 3176; x_wconf 92' lang='lat' dir='ltr'>sit.</span> <span class='ocrx_word' id='word_1_198' title='bbox 849 3113 930 3190; x_wconf 86' lang='lat' dir='ltr'>Ergo</span> <span class='ocrx_word' id='word_1_199' title='bbox 945 3111 1067 3176; x_wconf 84' lang='lat' dir='ltr'>Mliacos</span> <span class='ocrx_word' id='word_1_200' title='bbox 1082 3111 1259 3193; x_wconf 89' lang='lat' dir='ltr'>reprobavit</span> <span class='ocrx_word' id='word_1_201' title='bbox 1273 3111 1358 3176; x_wconf 92' lang='lat' dir='ltr'>nulla</span> <span class='ocrx_word' id='word_1_202' title='bbox 1373 3113 1561 3177; x_wconf 86' lang='lat' dir='ltr'>excellentes</span> 
     </span>
     <span class='ocr_line' id='line_1_25' title="bbox 386 3201 1560 3304; baseline -0.001 -19"><span class='ocrx_word' id='word_1_203' title='bbox 386 3221 536 3304; x_wconf 91' lang='lat' dir='ltr'>peculiari</span> <span class='ocrx_word' id='word_1_204' title='bbox 550 3221 704 3300; x_wconf 87' lang='lat' dir='ltr'>doctrina,</span> <span class='ocrx_word' id='word_1_205' title='bbox 717 3219 901 3284; x_wconf 84' lang='lat' dir='ltr'>Dialecticos</span> <span class='ocrx_word' id='word_1_206' title='bbox 916 3201 1044 3282; x_wconf 82' lang='lat' dir='ltr'>nomine</span> <span class='ocrx_word' id='word_1_207' title='bbox 1058 3218 1124 3282; x_wconf 92' lang='lat' dir='ltr'>solo</span> <span class='ocrx_word' id='word_1_208' title='bbox 1140 3201 1413 3300; x_wconf 81' lang='lat' dir='ltr'>contentionisque</span> <span class='ocrx_word' id='word_1_209' title='bbox 1426 3211 1528 3283; x_wconf 91' lang='lat' dir='ltr'>studio</span> <span class='ocrx_word' id='word_1_210' title='bbox 1543 3238 1560 3284; x_wconf 88' lang='lat' dir='ltr'>a</span> 
     </span>
     <span class='ocr_line' id='line_1_26' title="bbox 385 3326 1560 3415; baseline -0.003 -22"><span class='ocrx_word' id='word_1_211' title='bbox 385 3328 546 3409; x_wconf 81' lang='lat' dir='ltr'>Megaricis</span> <span class='ocrx_word' id='word_1_212' title='bbox 557 3327 911 3408; x_wconf 80' lang='lat' dir='ltr'>diversos,Pyrrboueos</span> <span class='ocrx_word' id='word_1_213' title='bbox 918 3326 1371 3415; x_wconf 86' lang='lat' dir='ltr'>quinibildeiiniebantneque</span> <span class='ocrx_word' id='word_1_214' title='bbox 1380 3326 1437 3392; x_wconf 91' lang='lat' dir='ltr'>ulli</span> <span class='ocrx_word' id='word_1_215' title='bbox 1446 3327 1560 3392; x_wconf 91' lang='lat' dir='ltr'>addicti</span> 
     </span>
     <span class='ocr_line' id='line_1_27' title="bbox 386 3431 1559 3514; baseline -0.002 -16"><span class='ocrx_word' id='word_1_216' title='bbox 386 3442 475 3500; x_wconf 89' lang='lat' dir='ltr'>erant</span> <span class='ocrx_word' id='word_1_217' title='bbox 486 3431 662 3513; x_wconf 76' lang='lat' dir='ltr'>sententiae,</span> <span class='ocrx_word' id='word_1_218' title='bbox 675 3433 851 3498; x_wconf 84' lang='lat' dir='ltr'>Academiae</span> <span class='ocrx_word' id='word_1_219' title='bbox 863 3432 974 3497; x_wconf 89' lang='lat' dir='ltr'>mediae</span> <span class='ocrx_word' id='word_1_220' title='bbox 985 3449 1138 3513; x_wconf 79' lang='lat' dir='ltr'>novaeque</span> <span class='ocrx_word' id='word_1_221' title='bbox 1148 3440 1326 3506; x_wconf 90' lang='lat' dir='ltr'>sectatores,</span> <span class='ocrx_word' id='word_1_222' title='bbox 1340 3433 1395 3514; x_wconf 95' lang='lat' dir='ltr'>qui</span> <span class='ocrx_word' id='word_1_223' title='bbox 1405 3433 1559 3513; x_wconf 87' lang='lat' dir='ltr'>dejudicii</span> 
     </span>
     <span class='ocr_line' id='line_1_28' title="bbox 386 3541 1562 3624; baseline -0.002 -16"><span class='ocrx_word' id='word_1_224' title='bbox 386 3542 587 3624; x_wconf 89' lang='lat' dir='ltr'>ambiguitate</span> <span class='ocrx_word' id='word_1_225' title='bbox 608 3559 680 3606; x_wconf 88' lang='lat' dir='ltr'>cum</span> <span class='ocrx_word' id='word_1_226' title='bbox 702 3541 889 3622; x_wconf 84' lang='lat' dir='ltr'>Pyrrhoneis</span> <span class='ocrx_word' id='word_1_227' title='bbox 909 3541 1122 3620; x_wconf 91' lang='lat' dir='ltr'>consentiunt,</span> <span class='ocrx_word' id='word_1_228' title='bbox 1136 3541 1266 3622; x_wconf 82' lang='lat' dir='ltr'>Cynicos</span> <span class='ocrx_word' id='word_1_229' title='bbox 1282 3541 1432 3622; x_wconf 90' lang='lat' dir='ltr'>denique,</span> <span class='ocrx_word' id='word_1_230' title='bbox 1447 3541 1562 3622; x_wconf 91' lang='lat' dir='ltr'>quibus</span> 
     </span>
     <span class='ocr_line' id='line_1_29' title="bbox 385 3649 1560 3731; baseline -0.001 -17"><span class='ocrx_word' id='word_1_231' title='bbox 385 3650 542 3731; x_wconf 91' lang='lat' dir='ltr'>propriam</span> <span class='ocrx_word' id='word_1_232' title='bbox 568 3649 736 3730; x_wconf 87' lang='lat' dir='ltr'>quamdam</span> <span class='ocrx_word' id='word_1_233' title='bbox 758 3649 948 3713; x_wconf 89' lang='lat' dir='ltr'>concedebat</span> <span class='ocrx_word' id='word_1_234' title='bbox 970 3652 1095 3712; x_wconf 76' lang='grc' dir='ltr'>ἔνστασιν</span> <span class='ocrx_word' id='word_1_235' title='bbox 1120 3649 1179 3727; x_wconf 76' lang='grc' dir='ltr'>βίον</span> <span class='ocrx_word' id='word_1_236' title='bbox 1200 3649 1249 3728; x_wconf 82' lang='lat' dir='ltr'>(D.</span> <span class='ocrx_word' id='word_1_237' title='bbox 1269 3649 1305 3711; x_wconf 93' lang='lat' dir='ltr'>L.</span> <span class='ocrx_word' id='word_1_238' title='bbox 1320 3649 1370 3728; x_wconf 87' lang='lat' dir='ltr'>Vl,</span> <span class='ocrx_word' id='word_1_239' title='bbox 1389 3649 1473 3730; x_wconf 77' lang='lat' dir='ltr'>tot),</span> <span class='ocrx_word' id='word_1_240' title='bbox 1496 3667 1560 3713; x_wconf 92' lang='lat' dir='ltr'>non</span> 
     </span>
     <span class='ocr_line' id='line_1_30' title="bbox 386 3756 1561 3838; baseline 0 -17"><span class='ocrx_word' id='word_1_241' title='bbox 386 3765 502 3823; x_wconf 90' lang='lat' dir='ltr'>certam</span> <span class='ocrx_word' id='word_1_242' title='bbox 519 3772 696 3836; x_wconf 85' lang='lat' dir='ltr'>novamque</span> <span class='ocrx_word' id='word_1_243' title='bbox 710 3756 953 3838; x_wconf 90' lang='lat' dir='ltr'>philosophandi</span> <span class='ocrx_word' id='word_1_244' title='bbox 968 3757 1132 3820; x_wconf 90' lang='lat' dir='ltr'>rationem.</span> <span class='ocrx_word' id='word_1_245' title='bbox 1147 3757 1181 3819; x_wconf 93' lang='lat' dir='ltr'>ln</span> <span class='ocrx_word' id='word_1_246' title='bbox 1193 3758 1252 3821; x_wconf 90' lang='lat' dir='ltr'>bac</span> <span class='ocrx_word' id='word_1_247' title='bbox 1266 3763 1382 3834; x_wconf 78' lang='grc' dir='ltr'>κανόνος</span> <span class='ocrx_word' id='word_1_248' title='bbox 1397 3758 1561 3824; x_wconf 84' lang='lat' dir='ltr'>severitate</span> 
     </span>
     <span class='ocr_line' id='line_1_31' title="bbox 386 3863 1562 3946; baseline 0.002 -18"><span class='ocrx_word' id='word_1_249' title='bbox 386 3882 423 3929; x_wconf 91' lang='lat' dir='ltr'>eo</span> <span class='ocrx_word' id='word_1_250' title='bbox 444 3864 571 3946; x_wconf 91' lang='lat' dir='ltr'>prodiit,</span> <span class='ocrx_word' id='word_1_251' title='bbox 595 3872 628 3926; x_wconf 94' lang='lat' dir='ltr'>ut</span> <span class='ocrx_word' id='word_1_252' title='bbox 649 3864 803 3930; x_wconf 83' lang='lat' dir='ltr'>Gratetem</span> <span class='ocrx_word' id='word_1_253' title='bbox 825 3871 954 3944; x_wconf 90' lang='lat' dir='ltr'>negaret</span> <span class='ocrx_word' id='word_1_254' title='bbox 972 3879 989 3926; x_wconf 91' lang='lat' dir='ltr'>e</span> <span class='ocrx_word' id='word_1_255' title='bbox 1011 3863 1160 3944; x_wconf 87' lang='lat' dir='ltr'>Diogenis</span> <span class='ocrx_word' id='word_1_256' title='bbox 1179 3865 1278 3945; x_wconf 82' lang='lat' dir='ltr'>cynici</span> <span class='ocrx_word' id='word_1_257' title='bbox 1301 3867 1476 3946; x_wconf 90' lang='lat' dir='ltr'>proiectum</span> <span class='ocrx_word' id='word_1_258' title='bbox 1496 3883 1562 3930; x_wconf 91' lang='lat' dir='ltr'>esse</span> 
     </span>
     <span class='ocr_line' id='line_1_32' title="bbox 387 3971 1561 4054; baseline 0.003 -18"><span class='ocrx_word' id='word_1_259' title='bbox 387 3971 571 4054; x_wconf 84' lang='lat' dir='ltr'>disciplina3</span> <span class='ocrx_word' id='word_1_260' title='bbox 596 3973 681 4052; x_wconf 94' lang='lat' dir='ltr'>quod</span> <span class='ocrx_word' id='word_1_261' title='bbox 706 3971 837 4036; x_wconf 91' lang='lat' dir='ltr'>sirecte</span> <span class='ocrx_word' id='word_1_262' title='bbox 862 3972 981 4051; x_wconf 86' lang='lat' dir='ltr'>statuit,</span> <span class='ocrx_word' id='word_1_263' title='bbox 1005 3972 1234 4037; x_wconf 90' lang='lat' dir='ltr'>successionem</span> <span class='ocrx_word' id='word_1_264' title='bbox 1259 3973 1367 4038; x_wconf 88' lang='lat' dir='ltr'>statuit</span> <span class='ocrx_word' id='word_1_265' title='bbox 1389 3973 1561 4054; x_wconf 89' lang='lat' dir='ltr'>legitimam</span> 
     </span>
     <span class='ocr_line' id='line_1_33' title="bbox 387 4077 1562 4163; baseline 0.003 -21"><span class='ocrx_word' id='word_1_266' title='bbox 387 4078 642 4157; x_wconf 88' lang='lat' dir='ltr'>continuamque,</span> <span class='ocrx_word' id='word_1_267' title='bbox 670 4095 740 4158; x_wconf 90' lang='lat' dir='ltr'>quae</span> <span class='ocrx_word' id='word_1_268' title='bbox 764 4077 938 4142; x_wconf 85' lang='lat' dir='ltr'>necessario</span> <span class='ocrx_word' id='word_1_269' title='bbox 969 4078 1143 4158; x_wconf 83' lang='lat' dir='ltr'>requiritur</span> <span class='ocrx_word' id='word_1_270' title='bbox 1171 4079 1209 4142; x_wconf 90' lang='lat' dir='ltr'>ad</span> <span class='ocrx_word' id='word_1_271' title='bbox 1239 4081 1374 4163; x_wconf 80' lang='grc' dir='ltr'>αἱρέσεως</span> <span class='ocrx_word' id='word_1_272' title='bbox 1400 4080 1562 4145; x_wconf 91' lang='lat' dir='ltr'>notionem</span> 
     </span>
     <span class='ocr_line' id='line_1_34' title="bbox 386 4185 1562 4269; baseline 0.003 -20"><span class='ocrx_word' id='word_1_273' title='bbox 386 4185 617 4264; x_wconf 86' lang='lat' dir='ltr'>stabiliendam,</span> <span class='ocrx_word' id='word_1_274' title='bbox 636 4185 757 4250; x_wconf 92' lang='lat' dir='ltr'>nullam</span> <span class='ocrx_word' id='word_1_275' title='bbox 777 4185 869 4249; x_wconf 92' lang='lat' dir='ltr'>luisse</span> <span class='ocrx_word' id='word_1_276' title='bbox 890 4185 1090 4265; x_wconf 87' lang='lat' dir='ltr'>Cynicorum.</span> <span class='ocrx_word' id='word_1_277' title='bbox 1112 4186 1258 4267; x_wconf 89' lang='lat' dir='ltr'>idemque</span> <span class='ocrx_word' id='word_1_278' title='bbox 1278 4187 1352 4252; x_wconf 92' lang='lat' dir='ltr'>inde</span> <span class='ocrx_word' id='word_1_279' title='bbox 1375 4187 1562 4269; x_wconf 86' lang='lat' dir='ltr'>perspicitur</span> 
     </span>
     <span class='ocr_line' id='line_1_35' title="bbox 387 4293 1561 4372; baseline 0.005 -16"><span class='ocrx_word' id='word_1_280' title='bbox 387 4293 552 4357; x_wconf 93' lang='lat' dir='ltr'>consilium</span> <span class='ocrx_word' id='word_1_281' title='bbox 584 4294 668 4372; x_wconf 87' lang='lat' dir='ltr'>quod</span> <span class='ocrx_word' id='word_1_282' title='bbox 701 4296 862 4356; x_wconf 87' lang='lat' dir='ltr'>Zenonem</span> <span class='ocrx_word' id='word_1_283' title='bbox 887 4295 1021 4357; x_wconf 88' lang='lat' dir='ltr'>stoicum</span> <span class='ocrx_word' id='word_1_284' title='bbox 1050 4293 1128 4356; x_wconf 89' lang='lat' dir='ltr'>dixit</span> <span class='ocrx_word' id='word_1_285' title='bbox 1156 4293 1351 4360; x_wconf 79' lang='lat' dir='ltr'>dialecticam</span> <span class='ocrx_word' id='word_1_286' title='bbox 1381 4313 1399 4361; x_wconf 91' lang='lat' dir='ltr'>a</span> <span class='ocrx_word' id='word_1_287' title='bbox 1426 4295 1561 4362; x_wconf 87' lang='lat' dir='ltr'>Diodoro</span> 
     </span>
     <span class='ocr_line' id='line_1_36' title="bbox 386 4399 1564 4481; baseline 0.002 -16"><span class='ocrx_word' id='word_1_288' title='bbox 386 4400 539 4481; x_wconf 88' lang='lat' dir='ltr'>Megarico</span> <span class='ocrx_word' id='word_1_289' title='bbox 563 4399 729 4481; x_wconf 90' lang='lat' dir='ltr'>accepisse,</span> <span class='ocrx_word' id='word_1_290' title='bbox 754 4400 854 4464; x_wconf 89' lang='lat' dir='ltr'>itaut</span> <span class='ocrx_word' id='word_1_291' title='bbox 878 4400 976 4465; x_wconf 90' lang='lat' dir='ltr'>multa</span> <span class='ocrx_word' id='word_1_292' title='bbox 999 4401 1037 4465; x_wconf 93' lang='lat' dir='ltr'>ad</span> <span class='ocrx_word' id='word_1_293' title='bbox 1058 4402 1187 4465; x_wconf 86' lang='lat' dir='ltr'>stoicam</span> <span class='ocrx_word' id='word_1_294' title='bbox 1209 4403 1404 4466; x_wconf 92' lang='lat' dir='ltr'>condendam</span> <span class='ocrx_word' id='word_1_295' title='bbox 1425 4403 1564 4468; x_wconf 89' lang='lat' dir='ltr'>scholam</span> 
     </span>
     <span class='ocr_line' id='line_1_37' title="bbox 385 4507 1564 4594; baseline 0.003 -22"><span class='ocrx_word' id='word_1_296' title='bbox 385 4507 529 4588; x_wconf 81' lang='lat' dir='ltr'>MegarIci</span> <span class='ocrx_word' id='word_1_297' title='bbox 545 4507 684 4572; x_wconf 87' lang='lat' dir='ltr'>attulisse</span> <span class='ocrx_word' id='word_1_298' title='bbox 698 4507 896 4581; x_wconf 89' lang='lat' dir='ltr'>viderentur,</span> <span class='ocrx_word' id='word_1_299' title='bbox 912 4507 994 4570; x_wconf 91' lang='lat' dir='ltr'>nibil</span> <span class='ocrx_word' id='word_1_300' title='bbox 1013 4507 1156 4588; x_wconf 79' lang='lat' dir='ltr'>Cynici.»</span> <span class='ocrx_word' id='word_1_301' title='bbox 1175 4509 1346 4574; x_wconf 84' lang='lat' dir='ltr'>Alexandri</span> <span class='ocrx_word' id='word_1_302' title='bbox 1362 4528 1432 4574; x_wconf 90' lang='lat' dir='ltr'>cum</span> <span class='ocrx_word' id='word_1_303' title='bbox 1448 4513 1564 4594; x_wconf 90' lang='lat' dir='ltr'>Hippo·</span> 
     </span>
     <span class='ocr_line' id='line_1_38' title="bbox 386 4615 1563 4702; baseline 0.006 -22"><span class='ocrx_word' id='word_1_304' title='bbox 386 4617 459 4680; x_wconf 89' lang='lat' dir='ltr'>boto</span> <span class='ocrx_word' id='word_1_305' title='bbox 474 4631 660 4680; x_wconf 91' lang='lat' dir='ltr'>consensum</span> <span class='ocrx_word' id='word_1_306' title='bbox 674 4622 783 4680; x_wconf 91' lang='lat' dir='ltr'>notare</span> <span class='ocrx_word' id='word_1_307' title='bbox 798 4615 992 4681; x_wconf 88' lang='lat' dir='ltr'>Nietzscbius</span> <span class='ocrx_word' id='word_1_308' title='bbox 1007 4615 1128 4694; x_wconf 84' lang='lat' dir='ltr'>omisit3</span> <span class='ocrx_word' id='word_1_309' title='bbox 1144 4619 1204 4682; x_wconf 91' lang='lat' dir='ltr'>boc</span> <span class='ocrx_word' id='word_1_310' title='bbox 1218 4636 1317 4683; x_wconf 92' lang='lat' dir='ltr'>unum</span> <span class='ocrx_word' id='word_1_311' title='bbox 1332 4618 1429 4699; x_wconf 89' lang='lat' dir='ltr'>salvo,</span> <span class='ocrx_word' id='word_1_312' title='bbox 1443 4620 1481 4686; x_wconf 90' lang='lat' dir='ltr'>ab</span> <span class='ocrx_word' id='word_1_313' title='bbox 1496 4622 1563 4702; x_wconf 87' lang='lat' dir='ltr'>ejus</span> 
     </span>
     <span class='ocr_line' id='line_1_39' title="bbox 385 4706 1600 4807; baseline 0 -19"><span class='ocrx_word' id='word_1_314' title='bbox 385 4706 690 4789; x_wconf 83' lang='lat' dir='ltr'>sententia.nostram</span> <span class='ocrx_word' id='word_1_315' title='bbox 704 4723 1019 4790; x_wconf 86' lang='lat' dir='ltr'>minimeabborrere</span> <span class='ocrx_word' id='word_1_316' title='bbox 1033 4725 1234 4807; x_wconf 91' lang='lat' dir='ltr'>perspicuum</span> <span class='ocrx_word' id='word_1_317' title='bbox 1248 4734 1305 4791; x_wconf 88' lang='lat' dir='ltr'>est.</span> <span class='ocrx_word' id='word_1_318' title='bbox 1597 4708 1600 4722; x_wconf 58' lang='lat'>⁵</span> 
     </span>
    </p>

    <p class='ocr_par' dir='ltr' id='par_1_8' title="bbox 425 4832 1559 4916">
     <span class='ocr_line' id='line_1_40' title="bbox 425 4832 1559 4916; baseline 0.004 -20"><span class='ocrx_word' id='word_1_319' title='bbox 425 4833 648 4914; x_wconf 89' lang='lat' dir='ltr'>Hippobotum,</span> <span class='ocrx_word' id='word_1_320' title='bbox 669 4832 721 4911; x_wconf 90' lang='lat' dir='ltr'>qui</span> <span class='ocrx_word' id='word_1_321' title='bbox 742 4833 898 4913; x_wconf 85' lang='lat' dir='ltr'>praecipue</span> <span class='ocrx_word' id='word_1_322' title='bbox 917 4832 1077 4911; x_wconf 83' lang='lat' dir='ltr'>Megaricis</span> <span class='ocrx_word' id='word_1_323' title='bbox 1097 4833 1290 4914; x_wconf 87' lang='lat' dir='ltr'>indulgebat,</span> <span class='ocrx_word' id='word_1_324' title='bbox 1305 4835 1482 4916; x_wconf 80' lang='lat' dir='ltr'>Cyrenaicis</span> <span class='ocrx_word' id='word_1_325' title='bbox 1496 4854 1559 4901; x_wconf 92' lang='lat' dir='ltr'>non</span> 
     </span>
    </p>
   </div>
   <div class='ocr_carea' id='block_1_5' title="bbox 0 0 1817 5708">
    <p class='ocr_par' dir='ltr' id='par_1_9' title="bbox 0 0 1817 5708">
     <span class='ocr_line' id='line_1_41' title="bbox 0 0 1817 5708; baseline 0 0"><span class='ocrx_word' id='word_1_326' title='bbox 0 0 1817 5708; x_wconf 95' lang='lat' dir='ltr'> </span> 
     </span>
    </p>
   </div>
  </div>
 </body>
</html>
