3622 5708
860 627 1020 688 ..52-

357 763 497 844 quamvis
516 763 658 826 nondum
677 761 853 826 facultatem
872 762 1141 825 Aristarcheorum
1159 768 1362 848 κριτικωτάτην
1384 765 1522 838 haberet,

357 873 389 935 in
409 887 528 936 summa
549 879 780 934 antecessorum
805 854 932 960 suorum
954 849 1235 934 Callimacheorum
1261 872 1407 937 omnibus
1430 874 1528 938 virtu-

356 978 439 1045 tibus
453 979 628 1061 praeditum,
644 959 782 1056 eiusdem
797 977 912 1042 scholae
927 978 1074 1042 vitiorum
1092 996 1153 1042 non
1170 987 1340 1060 expertem.

395 1088 464 1150 Non
483 1086 586 1150 minor
605 1090 669 1148 erat
688 1084 754 1164 ejus
769 1084 908 1148 doctrina
926 1084 958 1146 in
976 1085 1123 1150 Sillorum
1138 1086 1276 1150 Timonis
1290 1090 1526 1170 commentario,

355 1195 408 1258 ubi
435 1194 619 1258 comoediam
644 1192 758 1256 citabat
782 1191 938 1270 Alexidis,
964 1209 1057 1272 quam
1082 1193 1214 1256 miratur
1242 1193 1408 1259 Athenaeus
1436 1197 1525 1278 (Vlil,

355 1322 386 1384 p.
403 1303 462 1368 336
477 1304 508 1383 d)
528 1301 662 1382 seipsum
683 1317 785 1380 neque
801 1299 910 1378 legisse
925 1315 1027 1379 neque
1043 1299 1222 1382 inscriptam
1238 1302 1389 1383 reperisse
1408 1304 1475 1368 aive
1493 1304 1524 1368 in

356 1409 538 1474 Callimachi
553 1415 584 1471 et
597 1389 815 1500 Aristophanis
830 1405 968 1486 Byzantii
984 1407 1208 1487 alexandrinis,
1229 1407 1294 1470 sive
1310 1407 1343 1472 in
1358 1427 1526 1492 anonymo·

355 1535 424 1582 rum
440 1515 634 1599 pergamenis
649 1514 822 1588 indicibus;
837 1495 900 1577 rem
917 1514 993 1578 adeo
1009 1514 1139 1578 miratur
1150 1515 1319 1580 Athenaeus
1332 1525 1367 1582 ut
1377 1517 1525 1599 suspicari

355 1626 497 1690 videatur
519 1624 677 1690 Sotionem
702 1621 862 1695 erravisse,
889 1621 972 1700 quod
997 1639 1101 1685 annon
1129 1629 1244 1687 lemene
1265 1625 1440 1706 suspicetur
1462 1643 1526 1690 non

354 1734 485 1798 audeam
501 1712 646 1797 asserere.

827 1890 865 1938 t'l.
880 1917 908 1926 -
920 1891 1050 1956 Διαδοχαί,

394 2056 519 2118 Eadem
538 2051 657 2130 ingenii
682 2051 780 2130 dotes,
802 2051 909 2116 eadem
932 2050 1098 2130 industria,
1121 2059 1271 2133 apparent
1294 2053 1325 2116 in
1348 2054 1527 2135 fragmentis

356 2165 391 2228 ad
428 2162 524 2244 ipsius
552 2159 653 2242 operis
689 2165 907 2239 argumentum
942 2159 1184 2239 pertinentibus,
1218 2160 1257 2224 de
1293 2160 1407 2241 quibus
1441 2181 1526 2228 nunc

355 2269 581 2334 disserendum.
610 2265 728 2340 Quibus
755 2265 915 2347 descriptis
941 2271 972 2330 et
1000 2265 1162 2331 illustratis
1187 2267 1327 2348 reliquiis
1359 2285 1448 2350 spero
1476 2288 1526 2334 me

356 2378 622 2452 confirmaturum,
659 2382 693 2437 ut
724 2375 786 2452 jam
823 2373 1047 2455 praenuntiavi,
1081 2374 1259 2454 generalem
1295 2377 1525 2442 successionum

356 2483 590 2566 dispositionem
606 2499 622 2545 a
638 2480 765 2545 Sotione
779 2481 818 2544 ad
834 2480 990 2544 laertium
1006 2481 1143 2545 linxisse.

395 2594 492 2656 Locos
511 2597 578 2654 octo
597 2597 650 2653 aut
669 2604 779 2650 novem
799 2588 836 2652 ad
857 2590 991 2670 διαδοχάς
1006 2588 1197 2669 pertinentes
1210 2591 1376 2669 habemus;
1392 2609 1524 2672 quorum

356 2718 409 2764 eos
430 2699 565 2781 primum
585 2695 748 2760 citabimus
771 2695 838 2775 qui,
860 2695 971 2758 leviter
993 2697 1149 2776 aestimati,
1171 2697 1363 2779 propositum
1385 2706 1525 2763 nostrum

355 2807 503 2870 videntur
521 2803 674 2882 refellere,
695 2797 870 2866 accuratius
890 2819 963 2866 vero
981 2804 1126 2885 perpensi
1147 2821 1255 2869 revera
1277 2823 1340 2869 non
1361 2807 1522 2883 reiellunt3

355 2921 510 2996 postremo
525 2911 581 2974 hos
596 2911 785 2975 adducemus
800 2899 853 2990 oui
868 2910 928 2972 hoc
945 2911 1134 2990 propositum
1150 2919 1255 2993 aperte
1271 2913 1466 2978 confirmant.

399 3023 426 3084 l.
442 3021 478 3082 D.
495 3021 529 3082 L.
546 3017 608 3098 llll,
627 3017 766 3080 tea-tut.
779 3052 819 3063 -
834 3017 996 3096 Postquam
1012 3019 1150 3082 narravit
1165 3019 1323 3084 Cleanthis
1338 3019 1525 3103 discipulum

357 3128 450 3192 luisse
469 3125 672 3206 Chrysippum
692 3125 779 3187 etde
799 3123 968 3204 Chrysippo
987 3124 1046 3188 alia
1069 3125 1165 3189 multa
1187 3127 1255 3190 sine
1275 3127 1385 3192 ordine
1405 3130 1524 3210 effudit,

356 3238 422 3300 ltaec
447 3226 632 3316 improvisus
655 3232 741 3296 addit
766 3230 931 3295 Laertius:
957 3234 1047 3307 Τέλος
1073 3231 1103 3295 δ’
1124 3231 1299 3316 Ἀρκεσιλάῳ
1326 3237 1373 3298 καὶ
1398 3239 1524 3324 Λακύδῃ,

355 3347 429 3407 καθά
448 3365 513 3426 φησι
532 3342 647 3404 Σωτίων
667 3341 695 3400 ἐν
713 3346 753 3419 τῷ
772 3339 876 3419 ὀγδόῳ,
896 3343 1136 3422 παραγενομένοις
1155 3341 1183 3402 ἐν
1205 3338 1363 3427 Ἀκαδημίᾳ
1381 3346 1527 3426 συνεφιλο-

356 3439 470 3534 σέφηοε,
491 3449 575 3512 unde
594 3447 707 3510 iactum
726 3450 772 3508 est
792 3452 827 3507 ut
846 3444 884 3508 de
904 3444 1090 3524 quibusdam
1111 3446 1335 3527 quaestionibus
1354 3451 1526 3516 secundum

355 3549 473 3622 morem
506 3547 680 3618 Academiae
714 3549 912 3615 dialecticum
946 3551 1128 3616 disseruerit
1160 3554 1359 3636 Chrysippus
1386 3591 1424 3602 -
1452 3556 1527 3631 Quae

355 3663 473 3728 mentio
493 3679 556 3726 non
576 3677 613 3724 eo
634 3658 733 3722 tendit
751 3664 784 3722 ut
802 3657 914 3721 seriem
936 3665 1000 3722 tum
1019 3658 1274 3724 Academicorum
1295 3676 1392 3740 quum
1408 3664 1526 3729 Stoico-

355 3789 424 3836 rum
440 3765 604 3834 contu'rbet
618 3767 711 3847 vulgo
727 3766 882 3844 traditam,
899 3767 1103 3847 eamdemque
1117 3784 1134 3832 a
1151 3767 1272 3832 Laertio
1287 3777 1454 3836 servatam.

395 3883 426 3944 A.
442 3882 477 3942 b.
494 3879 528 3940 L.
545 3875 619 3949 lllll,
635 3875 686 3938 80.
700 3910 739 3920 -
752 3874 840 3953 ltem,
855 3860 1018 3954 postquam
1037 3873 1128 3954 dixit,
1150 3875 1376 3941 Callimachum
1395 3873 1526 3946 afferens

357 3996 477 4064 testem,
493 3983 571 4066 quos
586 3983 701 4066 primos
717 3982 837 4046 italicos
851 3983 998 4046 Eudoxus
1013 3983 1157 4047 habuerit
1170 3985 1342 4065 magistros,
1360 4004 1526 4069 equorum

356 4095 521 4178 disciplina
540 4091 757 4174 pythagoricus
774 4090 881 4166 evasit,
904 4091 969 4155 haec
988 4091 1114 4170 subjicit
1133 4095 1295 4158 Laertius:
1317 4099 1433 4161 Σωτίων
1453 4099 1511 4162 δ’ἐ

356 4211 420 4280 ταῖς
453 4203 609 4280 Διαδοχαῖς
639 4201 719 4279 λέγει
749 4198 796 4260 καὶ
825 4201 980 4274 Πλάτωνος
1009 4201 1089 4262 αὐτὸν
1119 4201 1249 4282 duodeci,
1280 4202 1393 4282 quibus
1421 4211 1525 4269 aulem

359 4322 530 4392 temporum
564 4305 737 4370 rationibus
774 4305 920 4368 Eudoxus
959 4305 1119 4370 Platonem
1156 4307 1322 4387 audiverit,
1358 4309 1526 4391 explanant

356 4412 529 4498 sequentia,
555 4431 623 4495 quae
649 4413 788 4477 Laertius
813 4429 828 4476 a
855 4410 981 4476 Sotione
1007 4429 1131 4494 quoqne
1155 4422 1340 4480 mutuatur:
1368 4419 1524 4499 equibus

358 4532 439 4609 patet
458 4521 621 4588 Eudoxum
640 4520 797 4583 Platonem
817 4518 894 4582 duos
909 4526 1028 4583 tantum
1047 4537 1170 4584 menses
1184 4522 1351 4597 audiuisse,
1373 4519 1525 4606 posterius

357 4634 492 4700 Platonis
512 4631 544 4694 in
564 4629 703 4693 docendo
724 4619 852 4691 rivalem
871 4627 1001 4692 Athenis
1020 4628 1181 4702 exstitisse,
1200 4631 1410 4696 -Sotionem
1430 4634 1526 4716 igitur

358 4736 532 4824 cognationi
558 4755 573 4802 a
600 4737 787 4801 Callimacho
812 4735 955 4800 indicatae
980 4736 1060 4800 nihil
1086 4737 1171 4802 aliud
1197 4755 1291 4819 quam
1313 4741 1523 4807 testimonium

358 4850 511 4921 addidisse
528 4845 659 4913 minoris
679 4843 843 4918 momento
859 4844 940 4909 liano
959 4851 1063 4910 autem
1078 4845 1300 4928 cognationem
1310 4847 1343 4943 in
1359 4865 1452 4933 opere
1467 4868 1523 4917 suo
