3622 5708
802 1005 965 1069 CAPUT
1008 1005 1062 1067 lll

753 1258 810 1318 De
846 1255 1117 1316 callimacho.

388 1509 456 1572 tam
483 1506 649 1586 ueniamus
673 1506 711 1570 ad
736 1503 1018 1569 Alexandrinorum
1042 1519 1146 1585 opera.
1172 1503 1293 1568 Primus
1318 1509 1421 1568 aulem
1449 1503 1517 1584 qui,

350 1617 502 1680 rationem
522 1631 538 1680 a
559 1611 773 1694 peripateticis·
788 1611 932 1676 traditam
949 1617 1085 1688 secutus,
1107 1611 1246 1692 maxima
1259 1615 1290 1674 et
1310 1610 1519 1675 eruditissima

351 1725 389 1788 de
401 1717 1520 1800 litterarumhistoriaoomposuitopera,luitCuuurunouus,bibliothecae

350 1829 561 1906 alexandrinae
574 1827 742 1906 secundus,
756 1832 825 1908 post
838 1827 1040 1899 Zenodotum.
1058 1827 1231 1908 praefectus.
1248 1825 1359 1906 lugens
1373 1824 1427 1888 ille
1442 1841 1520 1906 opus

351 1935 535 2018 composuit,
554 1953 609 1998 cxx
629 1933 717 1997 libris
737 1919 893 2013 constans,
908 1933 968 1997 hoc
989 1933 1078 1997 titulo
1099 1931 1302 2015 inscriptum:
1324 1936 1446 2008 Πίνακες
1464 1941 1518 1996 τῶν

350 2045 379 2107 ἐν
406 2048 481 2128 πάσῃ
508 2045 867 2126 παιδείρ-διαλαιοψάντων
899 2041 946 2104 καὶ1
974 2039 1012 2103 ὧν
1038 2045 1225 2125 συνέγραψαν,
1256 2041 1344 2120 cujus
1375 2057 1445 2121 pars
1479 2041 1518 2105 ad

348 2152 549 2235 philosophos
578 2151 746 2232 spectabat.
782 2149 930 2229 Alioquin
959 2165 1021 2230 quo
1056 2148 1166 2212 ordine
1201 2147 1366 2212 distributa
1401 2147 1518 2214 luerint

349 2261 559 2326 litteratorum
579 2259 720 2323 uirorum
741 2256 886 2338 nomina*
904 2257 1080 2320 incertum:
1112 2256 1164 2321 alii
1191 2258 1265 2320 κατὰ
1288 2263 1438 2339 στοιχεῖον,
1465 2255 1518 2321 alii

351 2371 425 2433 κατὰ
438 2375 566 2454 χρόνους,
583 2367 636 2432 alii
651 2365 721 2431 καθ’
734 2369 854 2450 αἱρέσεις
869 2371 1070 2428 censuerunt.

391 2475 467 2539 Καθ’
486 2478 608 2560 αἱρέσεις
628 2473 758 2539 nomina
781 2473 946 2538 distributa
969 2472 1062 2537 luisse
1087 2473 1262 2552 conjectant
1282 2490 1323 2536 ex
1346 2473 1439 2553 huius
1460 2471 1519 2536 loci

352 2582 535 2666 auctorilala
553 2601 566 2666 t
601 2581 739 2646 Ἀττάλου
768 2585 816 2645 τοῦ
842 2583 989 2660 ’βασιλέως
1017 2581 1128 2660 ἐγένετο
1157 2580 1248 2658 κόλαξ
1276 2581 1323 2643 καὶ
1351 2582 1522 2656 διδάσκαλος

351 2693 525 2773 Λυσίμαχος,
551 2689 581 2754 ὃν
606 2691 799 2771 Καλλίμαχος
821 2691 871 2767 μὲν
893 2685 1065 2771 Θεοδώρειον
1085 2688 1248 2771 ἀναγράφει,
1268 2687 1429 2772 Ἕρμιππος
1453 2686 1521 2750 δ’ἐν

351 2804 413 2873 τοῖς
436 2801 613 2882 Θεορροὶοτου
640 2799 781 2874 μαθηταῖς
807 2797 961 2874 καταλέγει
986 2792 1180 2874 (AthenaeUS,
1201 2794 1252 2868 vl,
1271 2812 1302 2875 p.
1319 2793 1378 2858 252
1394 2794 1436 2873 e).
1460 2792 1521 2857 Sed

351 2903 432 2968 nihil
452 2904 583 2990 impedit
600 2903 675 2983 quin
702 2903 745 2967 ita
767 2900 960 2982 intelligatur
984 2901 1043 2964 hoc
1066 2901 1197 2965 verbum
1221 2903 1374 2986 ἀναγράφει
1393 2922 1399 2961 :
1428 2900 1521 2966 Galli-

352 3014 480 3078 maehus
506 3011 724 3093 Lysimachum
753 3010 881 3075 notabat
907 3010 1141 3089 theodorem,
1170 3009 1202 3073 id
1231 3015 1277 3072 est
1302 3011 1370 3088 ejus
1398 3007 1519 3073 nomini

272 3117 275 3122 ’
353 3135 524 3204 cognomen
539 3120 600 3184 whoo
616 3119 803 3200 apponebat.-

393 3232 474 3290 Κατὰ
495 3232 634 3308 στοιχεῖον
656 3232 761 3289 autern
784 3229 973 3287 censuerunt
998 3223 1252 3288 Wasclrmuthius
1275 3230 1306 3287 et
1327 3223 1523 3287 Nietzsclrius

354 3335 426 3415 (llll.
445 3335 537 3412 Mus.·‚
561 3332 649 3412 1869,
670 3350 701 3413 p.
720 3331 776 3395 lae
791 3331 885 3412 squ).
907 3331 963 3394 Cui
984 3331 1010 3394 si
1032 3332 1206 3410 credamus,
1227 3329 1308 3394 nihil
1327 3329 1412 3394 aliud
1434 3338 1523 3394 erunt

354 3440 534 3506 Callimachi
564 3443 680 3515 πίνακες
709 3445 801 3519 atque
835 3439 992 3519 catalogus
1019 3439 1052 3501 in
1081 3438 1280 3502 bibliothecae
1307 3437 1525 3503 Alexandrinae

343 3566 456 3634 usum
469 3547 686 3633 luotus‚·cujus
706 3546 777 3610 ideo
796 3563 929 3626 quaeque
951 3563 1020 3626 pars
1042 3547 1079 3610 ad
1102 3546 1276 3610 litterarum
1296 3545 1438 3609 ordinem
1459 3554 1525 3609 erat

355 3657 485 3737 digesta,
506 3661 645 3719 ceterum
667 3653 862 3735 inquinque
878 3661 987 3736 partes
1008 3655 1171 3733 dissectae,
1193 3653 1307 3733 quibus
1331 3653 1414 3717 tituli
1436 3661 1524 3716 erant

356 3763 496 3852 inseripti
517 3765 664 3846 ἀναγραφὴ
683 3771 738 3825 τῶν
757 3765 933 3842 ποιημάτων,
955 3764 1099 3846 ἀναγραφὴ
1119 3771 1174 3825 τῶν
1195 3767 1361 3846 ῥητορικῶν,
1378 3763 1524 3847 ἀναγραρὴ

355 3883 410 3936 τῶν
440 3874 597 3956 ἱστορικῶν,
626 3871 774 3954 ἀναγραφὴ
799 3879 854 3933 τῶν
878 3873 1047 3953 φιλοσόφων,
1074 3871 1221 3954 ἀναγραρὴ
1245 3879 1299 3933 τῶν
1322 3873 1523 3949 παντοδαπῶν,

355 3995 543 4059 unaquaque
559 3977 644 4040 enim
658 3993 675 4039 e
689 3976 796 4056 graecis
815 3983 950 4056 quatuor
963 3984 994 4040 et
1009 3975 1121 4057 uiginti
1135 3975 1250 4040 litteris
1268 3991 1524 4056 unumquemque

355 4087 497 4172 signante
521 4086 647 4164 librum,
675 4092 706 4148 et
733 4101 826 4166 opere
856 4090 918 4148 toto
948 4103 985 4148 en
1013 4083 1154 4165 quinque
1182 4085 1322 4164 partibus
1350 4091 1523 4162 constante,

355 4199 551 4275 computatur
573 4192 614 4256 ita
636 4209 784 4256 numerus
813 4210 867 4256 cxx
894 4192 1058 4271 librorum,
1089 4193 1170 4255 idem
1205 4193 1259 4273 qui
1288 4193 1369 4274 apud
1397 4192 1526 4256 Suidam

355 4303 484 4382 legitur;
506 4303 572 4366 lraec
591 4309 695 4366 autem
716 4299 910 4364 arithmetica
929 4300 1009 4364 ratio
1031 4301 1068 4364 ab
1084 4301 1235 4365 Athenaeo
1255 4301 1346 4382 (xlv,
1364 4317 1394 4379 p.
1415 4299 1474 4362 ott
1494 4309 1524 4376 e)

357 4409 533 4490 confirmari
566 4409 691 4472 uidetur
724 4414 928 4472 enumerante
965 4408 1150 4472 seeundum·
1173 4408 1316 4472 ordinem
1351 4407 1525 4471 litterarum

358 4513 491 4598 quatuor
511 4523 651 4582 auctores
667 4517 721 4595 qui
736 4519 995 4580 πλακουντοποιικὰ
1013 4521 1217 4600 συγγράμματα
1232 4515 1430 4596 scripserant.
1451 4514 1529 4578 Cum

357 4625 497 4707 priorum
515 4631 649 4705 quatuor
668 4609 804 4704 partium
825 4624 891 4686 haec
913 4629 993 4686 esset
1013 4623 1091 4686 ratio
1113 4629 1149 4686 ut
1167 4622 1332 4703 scriptores
1354 4623 1526 4687 secuudum

357 4730 1527 4810 litterarumordinemenumerarentur,inquintapartequaerouuocotari

357 4844 563 4932 συγγράμματα
577 4839 768 4919 continebat,
784 4838 844 4904 alia
859 4836 1072 4904 verisimiliter
1086 4837 1164 4934 ratio
1179 4839 1387 4930 praevalebat:
1404 4836 1526 4919 singula
