3622 5708
770 609 932 672 ..65-

267 746 428 812 llttertitlm
454 747 487 810 in
514 751 647 810 erctum*
660 744 796 826 coegisse
818 743 934 808 librum
956 751 1007 822 τῆς
1026 752 1081 807 τῶν
1102 747 1260 827 φιλοσόφων
1284 741 1439 820 συντάξεως

266 855 428 937 Epicureae
466 867 557 919 sectae
595 852 784 933 dedicatum,
820 869 858 917 eo
897 857 1035 915 catarum
1073 851 1229 916 stabilitus
1264 853 1348 931 quod
1385 850 1438 916 illa

267 963 494 1045 Epicureorum
530 960 695 1026 Laertiana
734 963 890 1044 ἀναγραφή,
934 960 1135 1040 quantumvis
1180 959 1262 1024 mala
1308 960 1438 1040 digesta,

268 1069 417 1134 nonnihil
453 1069 670 1134 similitudinis
707 1069 803 1133 hahet
840 1084 911 1132 cum
950 1068 1127 1134 tabularum
1165 1067 1441 1133 herculanensium

270 1184 388 1241 tenore.
411 1178 493 1243 Sane
514 1177 647 1259 scriptor
668 1176 722 1240 ille
743 1193 760 1239 a
782 1193 844 1257 quo
867 1175 1007 1240 Laertius
1029 1175 1166 1257 pagellas
1185 1193 1256 1240 suas
1274 1175 1439 1259 decerpsit,

268 1285 485 1349 Philodamum
520 1285 555 1348 in
590 1284 700 1349 ceteris
732 1283 924 1365 neglexerat,
952 1283 985 1347 in
1018 1283 1179 1365 Epicureis
1207 1290 1330 1350 secutus
1358 1291 1438 1364 erat,

269 1393 384 1476 quippe
402 1409 509 1474 quem,
529 1377 565 1457 ut
583 1392 786 1475 Epicureum,
802 1390 1005 1458 arbitraretur
1026 1377 1185 1458 auctorem
1203 1409 1270 1458 esse
1289 1393 1328 1457 da
1347 1393 1440 1458 rebus

267 1503 355 1570 illins
369 1509 461 1569 sectae
474 1503 671 1587 primarIum.

306 1729 459 1793 Eandem
469 1728 565 1792 luisse
581 1727 737 1792 scribendi
749 1727 908 1820 ¹rationem
921 1729 1078 1792 drothorrr
1089 1730 1176 1792 'lrnrr
1191 1728 1315 1810 opinor,
1328 1729 1440 1811 dequo

270 1835 380 1900 Strabo
401 1835 491 1915 (XVI,
511 1837 541 1915 Ξ,
556 1835 608 1908 24)
627 1837 694 1898 haee
714 1836 828 1899 habel:
852 1838 883 1898 ἐκ
903 1840 1028 1918 Τύρου...
1051 1839 1147 1919 μικρὸν
1166 1839 1218 1919 πρὸ
1237 1839 1318 1915 ἡμῶν
1338 1835 1442 1901 Ἀπολ-

268 1943 382 2020 λώνιος,
399 1947 413 2006 ὁ
428 1947 475 2007 τὸν
489 1948 595 2007 πίνακα
609 1945 699 2021 ἐκθεὶς
714 1954 767 2008 τῶν
783 1945 836 2007 tat
857 1949 986 2023 Ζήνωνος
1000 1943 1158 2028 φιλοσόφον)
1178 1944 1294 2008 καὶτῶν
1313 1945 1440 2023 βιόλίων.

272 2052 316 2115 Ea
338 2050 398 2114 tuit
418 2053 534 2132 διαδοχή
561 2051 728 2131 singularis
753 2051 945 2130 Stoicorum,
966 2067 1059 2131 quam
1079 2050 1228 2115 videlicet
1249 2051 1442 2134 precipuum

271 2158 390 2236 iontem
408 2158 586 2222 habuerunt
605 2158 703 2222 aetatis
722 2157 879 2221 inierloris
898 2158 1075 2239 scriptores.
1092 2157 1307 2222 Philodamum
1326 2159 1440 2240 ipsura,

271 2263 436 2344 Apollonio
460 2264 524 2329 iare
544 2265 709 2345 aequalem,
732 2282 800 2328 eam
819 2267 852 2328 in
873 2265 1018 2330 manibus
1040 2265 1184 2330 hahuisse
1205 2272 1236 2328 et
1256 2265 1350 2347 paul'o
1372 2272 1441 2346 post
1547 2295 1549 2298 ·

271 2370 473 2452 Apollonium
492 2371 661 2453 scripsisse,
684 2389 701 2436 e
721 2388 814 2436 versu
836 2370 941 2451 aliquo
963 2371 1068 2453 papyri
1094 2373 1243 2436 semiraso
1270 2373 1443 2454 suspicatus

273 2484 319 2542 est
335 2478 573 2560 Comparettius.
588 2479 730 2543 Laertius
748 2496 823 2542 vero
842 2478 969 2559 Tyrium
983 2478 1184 2560 Apollonium
1199 2480 1307 2544 laudat
1321 2487 1444 2544 tantum

273 2588 301 2649 ἐν
316 2595 355 2668 τῷ
370 2585 471 2670 πρώτῳ
486 2587 546 2670 περὶ
561 2592 690 2665 Ζήνωνος
700 2586 775 2667 (Vll,
787 2586 820 2668 2)
831 2593 885 2650 aut
901 2589 929 2650 ἐν
942 2593 1004 2662 τοῖς
1015 2586 1076 2669 περὶ
1087 2592 1215 2666 Ζήνωνος
1226 2585 1302 2668 (llll,
1314 2587 1334 2650 6
1344 2585 1426 2668 sqq.)
1434 2607 1444 2664 ;

272 2693 326 2774 qui
347 2696 385 2759 da
404 2695 527 2758 Zenone
546 2695 627 2759 liber
646 2695 773 2758 initium
792 2695 896 2758 forsan
914 2701 981 2758 erat
1001 2693 1127 2774 majoris
1146 2694 1247 2776 operis
1261 2712 1278 2759 a
1294 2694 1445 2761 Strabone

274 2803 518 2868 commemorati.
542 2804 588 2867 Ex
610 2802 666 2866 illo
688 2809 793 2867 autam
815 2801 872 2880 sic,
895 2808 930 2866 ut
952 2801 1099 2882 diximus,
1115 2802 1290 2881 nominato,
1313 2810 1447 2883 quatuor

273 2917 395 2975 tantum
414 2910 554 2975 Laertius
573 2909 746 2991 desumpsit
767 2909 1018 2973 narratiunculas
1034 2911 1109 2991 (llll,
1128 2911 1155 2984 l,
1171 2911 1202 2988 2,
1218 2910 1238 2974 6
1252 2927 1333 2991 sqq,
1349 2912 1412 2986 aa),
1429 2928 1446 2973 e

274 3016 387 3097 quihus
405 3019 488 3098 duae,
510 3035 580 3097 quaa
599 3018 726 3098 quidam
748 3033 851 3098 parvae
869 3017 942 3081 iidei
962 3024 1045 3092 sunt,
1068 3019 1106 3082 ad
1128 3019 1285 3081 Zenonem
1308 3024 1447 3099 spectant

274 3125 349 3189 lrinc
369 3132 510 3190 veterum
529 3125 618 3188 libris
637 3125 884 3204 incumbentem,
903 3124 993 3188 illinc
1013 3124 1174 3207 Stilponis,
1193 3125 1294 3190 invito
1312 3125 1445 3206 Gratata,

273 3249 432 3298 sermones
447 3232 570 3298 assiduo
587 3233 778 3299 audientem.

315 3449 461 3515 Getarum
488 3449 527 3513 da
551 3448 664 3513 Stoicis
684 3453 810 3513 “coustat
835 3447 1005 3527 Diogenem
1029 3464 1119 3512 usum
1146 3465 1212 3512 essa
1236 3448 1317 3513 libro
1342 3450 1447 3530 aliquo

276 3556 458 3622 recentioris
489 3556 599 3633 aetatis,
634 3557 721 3636 cuius
760 3556 877 3620 auxillo
916 3555 1092 3620 Stoicorum
1127 3556 1239 3620 seriam
1276 3573 1377 3637 usqua
1410 3559 1449 3622 ad

276 3666 459 3743 Cornutum,
480 3665 613 3729 Neronis
632 3671 868 3746 praeceptorem,
885 3680 920 3729 ac
934 3663 1118 3743 Basiliden,
1139 3664 1180 3728 M.
1200 3663 1320 3729 Aurelii
1338 3664 1449 3746 magis·

278 3781 372 3854 trum,
396 3773 551 3837 deducere
576 3771 690 3853 potuit,
716 3777 751 3836 ut
773 3778 857 3853 patet
880 3789 917 3835 ex
942 3771 1046 3835 indice
1071 3770 1278 3854 capitulorum
1302 3771 1375 3836 libri
1399 3773 1450 3838 Vll

278 3879 523 3962 deperditarum,
548 3896 643 3961 quam
670 3879 855 3944 Valentinus
882 3881 1000 3942 Roseus
1027 3878 1147 3960 primus
1171 3878 1269 3942 edidit
1294 3879 1449 3959 (Hermes,

280 3987 369 4068 racc,
390 4005 421 4070 p.
441 3988 525 4065 arc).
541 3986 600 4061 our
620 3989 688 4052 ens
703 3987 817 4052 natatu
833 3987 977 4051 diversus
992 3987 1086 4050 ecam
1101 3992 1168 4051 erat
1181 3967 1450 4068 (quodliquidum

277 4096 351 4161 iacit
368 4095 607 4178 Comparettius,
621 4115 652 4178 p.
673 4095 774 4173 tat-23)
791 4113 808 4160 a
823 4094 997 4159 Philodami
1011 4094 1168 4176 praecipuo
1182 4093 1290 4157 ionta:
1306 4094 1451 4158 Philoda-

277 4221 348 4268 mus
371 4204 457 4267 artim
480 4206 554 4267 κατὰ
577 4208 694 4287 χρόνους
716 4219 846 4267 censum
868 4208 983 4283 agaret,
1011 4201 1152 4267 Laertius
1174 4206 1277 4266 autern
1297 4200 1329 4264 in
1352 4209 1452 4266 cartas

280 4311 393 4376 classes
408 4312 530 4376 Stoicos
549 4309 763 4391 distribuerat,
783 4311 826 4374 ita
846 4318 881 4374 ut
903 4310 1054 4390 cuiusque
1077 4308 1182 4374 classis
1201 4309 1364 4390 magistros
1384 4317 1452 4374 tum
1512 4387 1516 4394 .

279 4420 422 4500 Athenis,
449 4425 515 4483 tum
538 4417 572 4482 in
597 4418 667 4484 aliis
690 4417 834 4497 urbibus,
856 4418 978 4482 ratione
1006 4424 1183 4498 temporum
1209 4418 1241 4481 in
1266 4434 1454 4498 unaquaque

280 4528 377 4593 classa
395 4533 527 4608 servata,
547 4533 706 4608 tractarat,
721 4543 795 4591 vere
815 4528 960 4608 διαδοχάς,
978 4542 1041 4589 non
1064 4527 1236 4609 ἀναγραφήν,
1253 4526 1453 4590 describeret.

319 4637 401 4700 Fons
430 4643 534 4701 autem
562 4636 729 4718 primarius
756 4631 932 4700 Philodami
961 4633 1080 4698 Stoicos
1110 4633 1303 4697 recensentis
1331 4633 1456 4698 uidetur

282 4743 390 4822 inisse,
412 4761 475 4806 non
499 4743 686 4825 Apollonius
707 4742 828 4823 Tyrius,
856 4742 912 4805 sad
939 4742 1121 4807 Srnlroctns
1144 4741 1273 4804 Rnoorus
1298 4741 1341 4820 (v.
1365 4742 1457 4805 Com-

282 4851 462 4936 parattium,
489 4871 522 4934 p.
554 4854 603 4933 itt,
633 4853 684 4933 tc,
717 4851 800 4932 103),
828 4849 957 4915 Panaetli
983 4850 1164 4933 discipulus,
1191 4848 1345 4931 Antipatri
1374 4851 1457 4932 Tyrii

1260 4987 1274 5035 5
