3622 5708
878 547 1010 609 ..6-

360 686 511 781 pondere
537 691 572 756 et
601 684 797 756 difficultate
826 684 927 776 louge
961 682 1128 778 dispares,
1161 703 1315 756 seorsum
1349 683 1531 756 statuimus

360 825 436 875 esse
454 801 697 885 instituendas;
718 823 863 896 quarum
879 807 1084 893 argumenta
1101 799 1200 871 decet
1218 819 1423 872 enumerare
1441 825 1448 868 :

423 963 450 1024 l.
469 963 730 1042 llomonymorum
747 959 924 1024 discrimen.

421 1059 452 1122 2.
470 1061 656 1140 temporum
672 1059 800 1122 notatio.

422 1159 452 1222 3.
469 1159 724 1239 Philosophorum
740 1157 967 1222 successiones.

422 1259 451 1320 l.
470 1256 727 1337 Philosophorum
740 1256 823 1334 vitae,
835 1256 867 1318 id
882 1255 1041 1335 eststirps,
1051 1254 1247 1334 lacta,rnors,
1257 1253 1391 1332 habitus,
1401 1255 1532 1320 indoles.

422 1359 453 1418 5.
470 1358 513 1420 lta
528 1357 719 1437 philosophis
734 1355 895 1419 maledicta
911 1363 940 1419 et
954 1354 1114 1434 llagitlosm
1128 1353 1381 1417 narratiuncula.

422 1456 453 1518 6.
470 1455 748 1536 hpophlhegmata.

423 1553 493 1618 tlt
520 1554 693 1617 litterarum
721 1553 947 1629 monumentis,
980 1551 1139 1614 comoediis
1171 1550 1327 1632 praecipue
1360 1559 1392 1614 et
1420 1550 1533 1629 satiris,

363 1654 524 1734 desumpta
536 1652 651 1732 judicia
667 1658 699 1715 et
713 1651 901 1714 testimonia.

421 1755 451 1817 8.
467 1751 706 1832 Epigrammata,
724 1751 789 1814 sive
805 1751 920 1815 Laertii
936 1750 1044 1831 ipsius,
1059 1749 1124 1813 sire
1140 1748 1283 1813 aliorum.

377 1851 625 1930 ·dEmmm
1319 1907 1322 1912 .

405 1949 452 2014 10.
468 1950 664 2012 'testamenta
679 1964 714 2012 ac
730 1947 867 2024 decreta,
884 1946 914 2010 id
929 1953 975 2010 est
990 1952 1073 2010 certa
1089 1953 1304 2010 monumenta.

406 2050 454 2112 ll.
472 2047 634 2111 librorum
650 2047 780 2111 indicos.

406 2148 454 2210 lt.
472 2147 729 2226 Philosophorum
744 2145 881 2225 ipsorum
897 2145 1023 2224 scripta.

405 2248 451 2311 l3.
470 2245 685 2309 Doctrinarum
701 2251 754 2308 aut
768 2242 952 2323 placitorum
968 2241 1178 2306 collectiones.

405 2346 454 2408 lt.
471 2346 611 2408 Priorum
627 2343 777 2424 cujusque
792 2342 911 2405 inventi
927 2348 1090 2405 auctorum
1105 2343 1233 2405 notatio.

334 2521 338 2541 '
413 2507 566 2592 Quarum
580 2505 682 2600 ampli
697 2505 811 2599 operis
824 2505 1066 2600 particularum
1083 2505 1216 2577 tertiam
1238 2510 1369 2578 tanturn
1388 2507 1537 2600 singilla-

367 2625 426 2696 tim
442 2630 476 2695 et
489 2623 608 2696 ordine
622 2622 855 2706 tractavimus,
868 2620 1051 2705 interdum,
1069 2628 1171 2716 prout
1189 2621 1276 2694 hanc
1296 2624 1537 2719 persequendo

366 2761 422 2812 res
444 2737 659 2822 nascebatur,
680 2745 813 2809 ceteras
835 2738 977 2813 summis
999 2736 1114 2829 digitis
1137 2737 1324 2831 tetigimus
1345 2738 1539 2832 diligentio-

365 2855 458 2928 ribus
477 2863 582 2929 lotam
600 2855 827 2951 quaestionem
847 2855 1044 2949 perficiendi
1062 2877 1180 2927 curam
1200 2854 1412 2951 reliquimus.

413 2974 452 3049 2⁰
469 2973 558 3056 Non,
580 2980 617 3044 ut
635 2970 840 3055 Nietzschio‚
862 2994 906 3043 ex
923 2971 964 3042 iis
978 2973 1035 3066 qui
1050 2972 1195 3064 Diogeni
1210 2971 1345 3043 Laertio
1360 2973 1538 3067 propiores

366 3098 468 3163 aetate
487 3099 645 3162 auctores
662 3096 789 3172 essent,
811 3088 854 3160 ad
871 3088 1083 3182 antiquiores
1100 3088 1292 3180 retrogredi
1311 3087 1408 3161 nobis
1426 3091 1537 3162 visum

366 3213 435 3291 est;
470 3205 530 3277 sed
563 3212 682 3277 contra
716 3204 855 3297 majoris
888 3204 1050 3299 ponderis
1080 3227 1169 3298 opus
1199 3205 1349 3277 facturos
1374 3228 1450 3277 esse
1476 3228 1540 3280 nos

367 3320 518 3393 arbitrati
541 3343 672 3404 sumus
699 3321 726 3391 si
749 3343 793 3391 ex
815 3319 1064 3415 antiquioribus
1079 3319 1129 3392 ad
1151 3320 1374 3408 recentiores
1402 3331 1539 3397 servato

363 3461 471 3533 usque
491 3437 534 3508 ad
551 3437 739 3529 Diogenem
758 3439 867 3531 ipsum
888 3443 1080 3530 temporum
1099 3436 1232 3520 ordine,
1255 3438 1534 3532 procederemus.

364 3555 436 3628 Hac
462 3563 577 3626 autem
605 3560 720 3626 nostra
744 3553 928 3646 indagandi
946 3553 1013 3636 via,
1035 3553 1191 3648 quamvis
1208 3553 1391 3626 Nietzschii
1412 3556 1538 3628 rationi

365 3671 549 3754 contraria,
582 3692 649 3742 non
678 3671 720 3741 ad
738 3676 833 3740 certa
851 3671 964 3741 minus
981 3691 1095 3765 neque
1113 3671 1227 3740 minus
1243 3671 1376 3762 gravia,
1403 3672 1474 3744 sive
1497 3672 1538 3743 ad

365 3788 590 3882 philosophiae
607 3788 785 3859 historiam
804 3793 839 3858 et
857 3787 1010 3859 historiae
1029 3785 1293 3881 philosophiam,
1315 3786 1387 3859 sive
1406 3788 1538 3860 adrem

364 3906 471 3998 ipsam
498 3909 644 3996 spectes,
679 3903 711 3973 in
744 3903 809 3976 hoc
840 3903 953 3975 studio
984 3904 1157 3997 perveniri
1188 3925 1304 3997 posse,
1338 3911 1470 3978 attento
1500 3927 1539 3976 ac

364 4020 543 4105 benevolo.
566 4029 603 4092 ut
621 4042 812 4116 speramus
835 4021 953 4093 lectori
972 4019 1162 4115 apparebit.
