3622 5708
850 575 1008 640 ...50-

383 711 414 773 Σ.
431 711 503 774 hth.
521 710 594 784 VIII,
612 729 647 791 p.
672 710 773 776 3431).
793 745 830 756 -
853 715 967 774 Σωτίων
988 714 1035 774 καὶ
1063 711 1256 795 Ἡγήσανδρος
1277 714 1411 796 Ampor:
1434 711 1516 776 Aris-

348 817 425 898 tippi
442 817 478 881 ad
497 817 657 882 Platonem
677 818 853 898 respousi0;
869 855 909 863 -
924 819 1017 897 cujus
1026 817 1148 881 labella
1162 818 1255 898 paulo
1271 816 1518 883 diversa‘narra·

346 925 388 989 tio
414 925 497 989 dicto
520 927 558 989 de
582 925 678 988 Laide
703 927 785 1006 apud
810 925 966 990 Laenium
990 925 1201 1005 subjungitur.
1228 925 1323 1005 Atqui
1347 926 1516 990 Athenaeus

339 1033 573 1111 Hegesaudrum
597 1049 629 1095 se
654 1033 863 1113 descripsisse,
889 1050 953 1096 non
980 1032 1151 1107 Sotionem,
1169 1033 1299 1109 latetur3
1317 1033 1517 1112 Megesander

343 1139 450 1220 igitur,
475 1140 602 1203 incertae
624 1139 723 1203 aetatis
747 1146 866 1219 auctor,
893 1139 1055 1203 Sotionem
1076 1145 1160 1203 recte
1182 1139 1398 1220 descripserat,
1424 1157 1518 1221 quem

294 1311 299 1337 ¹
343 1235 497 1327 posterius
525 1264 691 1329 perperam¹
716 1247 878 1328 descripsit
905 1247 1047 1312 Laertius
1077 1252 1140 1325 (aut
1164 1246 1191 1310 is
1216 1253 1310 1327 q'uem
1338 1248 1515 1328 proximum

344 1361 502 1417 auctorem
517 1355 688 1435 sequitur);
709 1354 769 1418 nisi
785 1354 884 1419 mavis
898 1355 1098 1432 Athenaeum,
1118 1355 1195 1418 dues
1214 1354 1365 1418 lectiones
1384 1353 1517 1435 legendo

343 1477 440 1540 quum
461 1461 636 1542 reperisset,
659 1461 795 1524 Sotionis
818 1461 982 1544 sprevisse,
1002 1460 1194 1541 liegesandri
1215 1461 1390 1543 praetulisse
1411 1479 1517 1526 narra·

345 1567 531 1632 tiunculam.
1051 1551 1053 1556 ¹

359 1729 364 1736 .
387 1677 416 1739 3.
433 1677 469 1740 D.
486 1677 588 1756 LaVI,
608 1677 659 1739 Σίί.
678 1713 718 1721 -
738 1681 852 1741 Σωτίων
878 1679 907 1739 ἐν
931 1687 970 1757 τῷ
997 1681 1121 1761 τετάρτῳ
1145 1698 1152 1735 :
1181 1675 1327 1757 Diogenis
1353 1676 1453 1758 cynici
1478 1678 1516 1742 od

343 1785 513 1858 Platonem,
530 1785 599 1866 plus
614 1785 674 1848 oihi
691 1785 865 1850 mittentem
880 1802 973 1866 quam
988 1791 1112 1865 rogatus
1127 1791 1206 1848 esset
1220 1785 1271 1867 (¹),
1284 1785 1415 1850 dictum.

386 1892 460 1966 Quae
480 1891 538 1955 tria
558 1893 640 1956 dieta
659 1892 788 1964 minime
809 1893 926 1958 insulsa
947 1900 1031 1973 suut,
1048 1910 1151 1974 neque
1171 1911 1264 1975 opere
1278 1893 1360 1958 serlo
1374 1893 1516 1975 indigua,

345 2000 515 2082 praesertim
543 2016 640 2080 quum
669 2006 699 2062 et
727 1999 901 2082 Aristippus
929 2008 959 2064 et
986 2002 1149 2082 Diogenes,
1177 2001 1239 2065 imo
1266 2001 1367 2082 cynici
1393 2017 1516 2080 omues,

345 2107 520 2176 istiusmodi
548 2107 653 2188 magis
680 2107 773 2176 dictis
803 2125 897 2188 quam
924 2108 1088 2172 scribendo
1116 2115 1169 2173 aut
1196 2126 1356 2173 sermones
1385 2110 1516 2173 serendo

346 2215 654 2297 philosopharentur.

327 2397 328 2400 η
386 2325 415 2386 I.
433 2323 468 2387 lt.
483 2324 517 2385 L.
530 2324 567 2402 V,
582 2323 630 2385 lo.
648 2359 679 2368 -
696 2323 885 2407 Ἡρακλείδης
900 2327 927 2386 ἐν
942 2337 977 2410 τῇ
993 2327 1111 2411 ἐπιτομῇ
1126 2334 1180 2388 τῶν
1193 2329 1339 2401 Σωτίωνος
1353 2327 1494 2406 διαδοχῶν
1508 2345 1515 2387 :

346 2429 494 2525 Demetrii
508 2430 650 2495 Phalerei
666 2430 796 2494 dictum.

349 2565 364 2596 r
385 2541 415 2601 ὅ.
433 2541 468 2602 l).
485 2539 520 2602 L.
536 2538 572 2617 ll,
592 2538 733 2603 loe-loo.
750 2575 784 2584 -
801 2539 974 2602 Menedemi
989 2539 1071 2604 dicta
1086 2539 1130 2619 (v.
1147 2539 1251 2620 inira).

841 2784 881 2833 lv.
894 2809 923 2818 -
936 2782 1018 2841 Δόξαι.

390 2980 417 3040 I.
434 2975 470 3039 ί).
492 2976 527 3037 l.
549 2976 601 3054 IX,
621 2974 671 3038 ΣΟ.
692 3009 731 3019 -
752 2974 828 3052 Φησὶ
855 2977 884 3037 δὲ
909 2979 1023 3038 Σωτίων
1045 2984 1153 3059 πρῶτον
1178 2975 1406 3057 Xenophanem
1430 2978 1516 3042 εἰπεῖν

348 3083 529 3162 ἀκατάληπτ’
547 3081 618 3145 εἶναι
638 3084 673 3144 τὰ
690 3086 791 3160 πάντα,
812 3080 1006 3160 πλανώμενος.
1024 3119 1062 3130 --
1076 3083 1201 3147 Ell'asse
1216 3083 1377 3148 Sotionem
1393 3101 1458 3148 lton
1474 3085 1515 3148 ita

348 3197 483 3268 constat3
499 3191 557 3253 suh
567 3189 676 3268 jndice
691 3189 729 3251 lis
743 3197 888 3270 ponatur.

387 3303 416 3363 Σ.
434 3299 544 3362 Senius
557 3299 662 3377 Emp,
678 3300 753 3380 Πρὸς
768 3299 966 3377 δογματικοὺς,
981 3315 1012 3377 p.
1029 3296 1097 3376 193,
1109 3298 1158 3361 ed.
1173 3297 1306 3362 Behker.
1319 3335 1359 3343 -
1370 3297 1449 3362 Sunt
1462 3299 1515 3379 qui

347 3408 480 3480 erodant,
501 3409 570 3469 ecoe
589 3407 640 3468 καὶ.
657 3407 671 3467 d
691 3408 806 3468 Σωτίων
823 3409 1045 3488 μεμαρτύρηκεν,
1063 3405 1272 3485 aCyi‘eltaiois
1286 3387 1517 3488 philosophiam

348 3517 380 3578 in
397 3517 473 3579 duas
487 3520 600 3594 partes,
616 3512 767 3576 moralem
781 3519 813 3574 el
827 3511 970 3592 logicam,
984 3512 1115 3576 divisam
1130 3529 1206 3576 esse.
1220 3513 1430 3578 -Sotionem
1446 3531 1518 3578 cum
1583 3576 1586 3580 .

349 3639 503 3702 anonymo
520 3619 707 3698 consentire,
727 3620 780 3698 qui
799 3619 902 3682 lorsan
918 3619 1127 3699 Hippohotum
1142 3626 1337 3700 sequeretur,
1353 3620 1517 3685 dissentire

352 3736 455 3795 autem
476 3745 492 3792 a
515 3728 667 3808 Meleagro
691 3733 722 3790 et
741 3726 934 3790 Clitomacho
953 3726 1003 3806 (n.
1024 3727 1059 3789 L.
1079 3726 1115 3805 ll,
1134 3727 1187 3804 923
1210 3746 1241 3792 ν.
1263 3728 1354 3807 inira,
1374 3744 1441 3810 cap.
1464 3729 1516 3810 X),

348 3837 533 3900 notandum.

363 4007 367 4016 ,
390 3943 418 4007 3.
436 3945 472 4006 ί).
491 3943 525 4005 L.
541 3942 574 4020 ll,
596 3941 663 4004 135.
678 3977 718 3988 -
733 3941 809 4020 Φησὶ
829 3941 857 4002 δ’
872 3938 1060 4024 Ἡρακλείδης
1075 3943 1103 4004 ἐν
1120 3945 1168 4020 μὲν
1183 3949 1245 4018 τοῖς
1259 3945 1379 4024 δόγματι
1394 3945 1517 4006 Πλατω-

349 4033 425 4113 νικὸν
458 4049 529 4112 εἶναι
562 4049 779 4112 Menedemum
806 4048 1000 4126 Eretricum,
1029 4050 1180 4122 διαπαίζειν
1209 4051 1239 4112 δὲ
1265 4053 1301 4112 τὰ
1329 4053 1516 4114 διαλεκτικοί·

350 4165 422 4221 ὥστε
437 4160 517 4234 erm,
539 4157 680 4236 sequitur
698 4155 858 4237 responsio
878 4173 938 4235 qua
958 4154 1153 4219 dialecticam
1172 4158 1338 4237 quamdam
1358 4158 1518 4238 ambagem

348 4267 512 4328 submovet
531 4264 746 4338 Menedemum
767 4263 828 4327 duo
844 4262 924 4327 diota
939 4280 1010 4342 quae
1023 4269 1198 4343 sequuntur
1212 4280 1340 4328 manare
1355 4282 1393 4328 ex
1408 4265 1518 4330 eodem

350 4377 434 4438 lonle
448 4371 597 4454 suspicari
612 4370 692 4434 licet·
701 4371 744 4451 (ν.
760 4371 931 4449 Bahusoh.,
946 4387 977 4450 p.
992 4369 1057 4450 28).

380 4739 411 4805 (1)
423 4739 460 4790 lhi
482 4741 596 4798 Gobetus,
617 4736 681 4786 male
696 4737 902 4800 interpungens,
924 4749 974 4785 non
995 4751 1025 4785 ea
1048 4749 1104 4799 quae
1131 4739 1280 4800 sequuntur,
1301 4743 1388 4790 rerum
1410 4755 1439 4790 ea
1461 4755 1517 4804 quoe

350 4823 502 4872 antecedunt
513 4833 604 4869 nomen
615 4818 733 4876 Sotionis,
745 4817 840 4868 Sotioni
851 4818 951 4867 ridetur
962 4817 1081 4868 tribuere.
