3622 5708
749 625 848 688 ..31
873 661 908 670 .-

241 765 365 847 supplet
378 768 623 828 monumentum
633 760 765 843 epistola
780 760 812 824 in
829 778 890 842 qua
914 757 1066 824 Arcesilas
1091 759 1191 823 amico
1220 761 1327 825 scribit
1340 778 1373 825 se
1388 763 1416 826 ei

243 890 335 938 suum
351 874 475 936 mittere
489 875 709 934 testamentum
725 869 775 949 (1).
792 869 827 932 1.
844 869 893 948 lv,
909 871 973 950 ll).

283 981 342 1045 Seu
357 979 459 1044 solum
474 982 643 1058 supersunt
657 982 853 1057 testamenta,
868 975 1016 1060 Diogenis
1030 975 1144 1040 Laertii
1154 992 1233 1044 ,cura
1252 977 1417 1060 descripta,

243 1087 380 1154 Platonis
404 1087 487 1166 dico,
521 1083 661 1166 Epicuri,
697 1091 830 1164 quatuor
857 1083 1030 1165 primorum
1058 1083 1159 1164 Lycaei
1187 1083 1417 1166 magistrorum,

244 1194 420 1260 Aristotelis
434 1210 560 1275 nempe,
575 1191 792 1274 Theophrasti,
804 1191 968 1271 Stratonis,
979 1190 1111 1271 Lyconis
1120 1211 1130 1267 ;
1145 1207 1279 1270 quorum
1293 1191 1418 1272 quidem

242 1309 521 1368 monumentorum
542 1300 575 1364 in
597 1300 733 1379 duobos,
755 1299 891 1364 Platonis
916 1299 986 1364 dico
1009 1305 1041 1363 et
1064 1298 1251 1380 Aristotelis,
1276 1299 1357 1364 nihil
1381 1301 1419 1366 ad

243 1409 491 1493 philosophicam
506 1409 642 1491 pertinet
657 1407 874 1474 hereditatem.

282 1518 421 1593 Quatuor
449 1516 725 1599 peripateticorum
749 1522 933 1580 testamenta
957 1505 1226 1582 verisimillimum
1250 1521 1309 1596 est,
1332 1523 1368 1582 ut
1390 1523 1421 1580 et

243 1626 420 1690 Nietzsohio
442 1625 568 1689 vitietur
589 1625 661 1706 (uh.
691 1625 744 1702 ll,
776 1624 863 1703 1869,
889 1643 920 1706 p.
949 1623 1027 1701 2093
1051 1625 1091 1688 ci.
1116 1624 1285 1705 Behnsoh.,
1307 1642 1339 1706 p.
1355 1624 1420 1704 50),

242 1750 370 1799 manare
388 1750 425 1796 ex
444 1735 728 1813 ἀπομνημονεύμασιν
747 1731 903 1796 hnrsrours
920 1732 986 1811 Cor,
1008 1731 1061 1811 qui
1081 1731 1198 1812 Lyconi
1217 1731 1276 1814 ipsi
1296 1749 1420 1796 succes·

243 1849 334 1915 serat,
352 1848 384 1904 et
398 1840 453 1921 qui
467 1839 614 1905 videlicet
628 1858 720 1922 opera
736 1857 790 1904 sua
805 1841 899 1922 paulo
922 1846 994 1904 ante
1009 1840 1214 1922 Hermippum
1229 1843 1394 1922 scripserat
1411 1862 1418 1904 :

135 1996 138 2006 .
244 1949 286 2013 ita
301 1947 389 2029 quasi
405 1955 567 2012 stemmata
583 1965 637 2012 sua
654 1946 892 2029 peruulgaverat
904 1948 1013 2012 hristo.
1024 1948 1088 2011 lmo
1100 1947 1233 2028 conjicio
1243 1948 1420 2014 Aristonem

245 2057 277 2121 in
293 2058 405 2121 eodem
419 2073 513 2138 opere
528 2057 566 2120 de
581 2054 778 2138 superiorum
790 2062 925 2134 quatuor
936 2053 1155 2136 magistrorum
1166 2056 1241 2120 vitis
1251 2056 1421 2140 scripsisse,

245 2170 287 2244 et,
304 2165 386 2245 quod
409 2164 474 2247 ipse
496 2171 653 2244 tamquam
673 2164 741 2227 lons
760 2163 928 2246 primarius
946 2165 984 2229 ah
1004 2171 1129 2229 auctore
1148 2165 1320 2246 posteriore
1336 2166 1423 2232 adhi-

244 2270 328 2335 bitus
342 2278 434 2350 esset,
450 2270 521 2334 ideo
537 2269 812 2353 Peripateticorum
827 2273 961 2354 διαδοχήν
975 2273 1057 2353 apud
1079 2271 1239 2336 Laertium
1257 2290 1320 2337 non
1341 2273 1422 2339 ultra

246 2377 401 2460 Lyconem
421 2377 632 2442 continuatam
650 2377 756 2458 luisse,
772 2377 886 2443 additis
904 2385 1026 2442 tanturn
1041 2378 1192 2444 Phalereo
1213 2380 1371 2445 Demetrio
1393 2390 1424 2446 et

246 2485 373 2550 Pontico
385 2485 560 2564 Heraclide,
573 2483 748 2549 Aristotelis
759 2492 790 2548 et
800 2485 1004 2566 Theophrasti
1016 2484 1178 2568 discipulis
1188 2486 1238 2568 (ol.
1252 2488 1422 2568 Bahnsoh.‚

246 2611 277 2675 p.
293 2593 411 2676 tol-ou).
427 2592 543 2657 Asserit
558 2592 685 2674 quidem
701 2592 843 2658 Laertius
856 2609 889 2656 se
905 2593 995 2657 stoici
1011 2592 1165 2658 Aristonis
1179 2593 1248 2658 Chii
1265 2597 1341 2676 (non
1356 2596 1422 2677 Cei)

247 2719 286 2766 en
300 2717 394 2782 opere
410 2700 564 2766 Stratonis
578 2706 801 2764 testamentum
815 2699 1003 2782 excerpsisse
1018 2701 1067 2780 (ll.
1084 2701 1119 2767 L.
1129 2703 1167 2782 V,
1177 2701 1247 2779 ol);
1261 2704 1314 2767 sed
1329 2722 1423 2786 opera

247 2809 280 2874 in
296 2810 381 2874 hunc
400 2811 533 2874 stoicum
546 2807 656 2891 primis
676 2808 833 2874 indicibus
849 2808 961 2874 collata
982 2826 1039 2891 pro
1057 2808 1263 2892 peripatetico
1284 2813 1422 2892 eiusdem

247 2915 385 2980 nominis
397 2916 636 2982 vindicaverant
650 2916 805 2981 Panaetius
826 2921 857 2979 et
877 2915 1046 2982 Sosicrates
1068 2919 1116 2995 (n.
1141 2917 1176 2980 L.
1198 2918 1258 2994 llll,
1286 2919 1366 3003 163).
1383 2957 1421 2969 -

248 3023 375 3089 llinime
390 3041 464 3088 vero
479 3023 588 3104 liquet,
605 3041 795 3105 quamquam
813 3023 855 3088 ita
875 3023 1001 3088 videtur
1014 3024 1205 3104 Nietzschio,
1221 3034 1356 3106 quatuor
1369 3027 1422 3094 illa

250 3139 430 3199 testamenta
442 3133 475 3196 in
490 3149 584 3214 opere
598 3131 756 3214 Hermippi
768 3133 951 3213 transcripta
961 3133 1055 3197 luisse
1069 3153 1075 3193 :
1090 3149 1127 3196 ex
1137 3133 1281 3199 hthonaei
1295 3135 1422 3226 quidem

249 3240 317 3304 loco
348 3240 442 3322 (lllll,
471 3259 503 3322 p.
531 3239 591 3304 589
622 3257 657 3317 c;
686 3238 845 3321 Hermippi
875 3240 913 3302 lr.
942 3239 991 3313 lt,
1023 3257 1071 3320 ap.
1103 3240 1300 3322 Muellerum)
1329 3244 1422 3324 plane

247 3348 433 3429 intelligitur
441 3347 645 3429 Hermippum
657 3345 830 3411 hristotelis
839 3353 1059 3412 testamentum
1070 3347 1206 3424 novisse,
1221 3351 1305 3430 qnod
1318 3358 1420 3416 tamen

249 3459 287 3522 ah
301 3475 339 3522 eo
353 3456 527 3534 laudatum,
543 3472 607 3520 non
623 3454 843 3536 transcriptum
858 3472 924 3519 esse
938 3473 977 3520 ex
992 3456 1102 3520 eodem
1116 3456 1185 3521 looo
1201 3457 1353 3538 suspicor.

288 3563 415 3646 Epicuri
431 3569 534 3628 autern
550 3568 770 3626 testamentum
784 3561 920 3626 libenter
935 3563 1058 3626 credam
1072 3580 1111 3626 ex
1125 3580 1219 3645 opere
1239 3565 1420 3631 Hermarchi

250 3671 369 3736 aliusve
388 3670 555 3750 cujuslibet
572 3669 719 3752 Epicurei
740 3676 922 3751 excerptum
938 3669 1046 3750 luisse,
1062 3671 1230 3752 -quippe
1251 3672 1331 3736 hene
1350 3679 1421 3738 nota

249 3785 295 3843 est
314 3779 540 3860 Epicureorum
561 3795 633 3858 erga
655 3793 748 3842 suurn
770 3779 882 3842 ducem
904 3795 940 3842 ac
965 3779 1149 3858 magistrum
1170 3778 1281 3859 pietas,
1301 3780 1421 3844 -nisi

250 3885 421 3966 gratissima
442 3885 661 3949 emendatione
680 3892 820 3949 nostrum
836 3884 1014 3949 Aristonem
1033 3883 1270 3966 peripateticum
1286 3887 1422 3952 Cobetus

249 3992 436 4057 restituisset
459 3991 552 4073 paulo
571 4009 664 4073 supra
686 3991 772 4056 illius
796 3992 971 4056 testamenti
996 3991 1192 4074 scriptoram.
1216 3993 1282 4074 lpsa
1306 3993 1420 4058 Laertii

248 4102 344 4165 rerba
363 4101 540 4179 laudemus,
555 4116 653 4179 quum
672 4099 705 4162 in
727 4100 764 4164 iis
782 4107 813 4164 et
832 4099 1025 4182 apertissime
1047 4099 1227 4180 loquentem
1247 4109 1279 4165 et
1296 4103 1422 4184 optimas

250 4209 322 4273 fidei
338 4215 496 4274 auctorem
512 4209 550 4273 de
562 4207 689 4289 Epicurl
700 4209 855 4290 magislrls
865 4226 932 4274 sese
943 4210 1081 4290 praebeat
1095 4209 1219 4274 Aristo:
1242 4210 1376 4294 Ἀρίστων
1391 4215 1422 4276 δέ

251 4341 331 4402 φησιν
351 4319 380 4381 ἐν
399 4327 439 4399 τῷ
457 4316 620 4400 Ἐπικούρου
641 4320 693 4399 βίῳ
712 4321 758 4381 τὀν
777 4323 888 4380 Κανόνα
902 4323 1008 4401 γράψαι
1025 4320 1105 4382 nictu
1120 4319 1153 4380 ἑκ
1167 4323 1215 4382 τοῦ
1230 4305 1423 4403 Ναυσιφάνους

251 4429 396 4509 Τρίποδος,
409 4423 440 4488 ot
457 4425 504 4488 καὶ
519 4427 636 4488 ἀκοῦσαί
651 4449 731 4508 φησιν
745 4428 837 4500 αὐτόν,
853 4427 932 4489 ἀλλὰ
945 4427 992 4489 καὶ
1007 4430 1158 4509 Παμφίλου
1172 4432 1220 4492 τοῦ
1236 4431 1421 4492 Πλατωνικοῦ

252 4535 280 4596 ἐν
301 4537 389 4615 Σάμῳ
408 4558 414 4571 ·
431 4532 567 4616 ἄρξασθαί
588 4557 619 4596 τε
639 4535 802 4616 φιλοσοφεῖν
827 4536 895 4597 ἐτῶν
919 4535 1079 4616 ὑπάρχοντα
1103 4537 1286 4613 δυοκαίδεκα,
1310 4537 1422 4619 ἀφηγή-

252 4645 351 4704 σασθαι
366 4643 397 4704 et
410 4645 462 4716 τῆς
477 4643 586 4723 σχολῆς
600 4642 670 4704 ἐτῶν
684 4638 751 4703 ὄντα
765 4644 812 4705 δύο
826 4645 895 4724 πρὸς
909 4647 971 4717 τοῖς
984 4645 1135 4725 τριάκοντα
1149 4643 1201 4723 (X,
1219 4644 1279 4724 ll).

290 4747 384 4827 Cuius
402 4747 504 4829 operis
522 4748 563 4812 de
579 4746 707 4829 lipicuri
726 4748 801 4828 vita,
822 4747 903 4811 sicut
921 4756 953 4812 et
971 4747 1082 4812 similis
1097 4749 1167 4813 lihri
1184 4748 1338 4814 Aristonis
1353 4751 1421 4836 Περί

257 4853 441 4939 Ἡρακλείτου
456 4855 506 4938 (n.
520 4855 554 4918 L.
568 4855 618 4932 lll,
630 4856 673 4936 tt),
684 4853 716 4919 in
733 4866 795 4935 quo
810 4855 988 4922 communis
1002 4871 1090 4922 error
1103 4858 1142 4923 de
1157 4857 1306 4924 Heracliti
1321 4865 1421 4929 morte
