3622 5708
874 593 1034 656 -36-

367 724 638 806 chronographum
664 733 861 806 pervenerat,
889 727 1034 810 princeps
1063 734 1192 791 conatus
1222 735 1281 806 est,
1309 735 1343 790 ut
1365 727 1438 790 satis
1461 735 1543 790 reete

366 831 479 894 vidisse
491 830 687 896 Nietzsohius
698 833 768 910 (uu.
785 835 838 914 M.,
857 829 946 913 18611,
962 853 992 916 p.
1013 835 1082 915 193)
1097 834 1176 898 mibi
1192 835 1326 913 ridetur,
1343 833 1542 917 xptsrsdrczou

365 939 570 1004 Aristarcheae
584 941 697 1004 schola
718 941 880 1020 ingenium
904 942 1068 1006 intendere
1089 959 1187 1022 quum
1202 947 1339 1023 πινάκων,
1360 949 1428 1006 tum
1449 942 1543 1005 mini-

364 1065 488 1112 morum
503 1055 688 1112 eventorum
703 1051 741 1114 ad
756 1049 837 1113 vitas
852 1049 1090 1136 pertinentium,
1105 1049 1296 1132 probationi,
1311 1049 1542 1130 constitutioni,

365 1155 537 1220 narrationi
553 1157 564 1238 (
580 1157 604 1237 ).

403 1264 497 1344 Cujus
525 1264 652 1345 quidem
684 1284 773 1348 opus,
802 1265 915 1331 latiore
950 1269 1070 1332 ratione
1103 1267 1299 1350 dispositum,
1328 1268 1418 1348 plura
1448 1285 1542 1348 quam

362 1371 525 1455 Hermippl
549 1375 846 1455 comprehendebat,
872 1375 987 1457 quippe
1013 1380 1041 1440 ἐν
1074 1385 1136 1453 τοῖς
1161 1380 1237 1453 Βίοις
1263 1377 1312 1458 (11.
1337 1378 1368 1455 2,
1396 1376 1431 1438 ll
1459 1375 1541 1456 sqq.)

362 1479 461 1560 Satyri
477 1497 541 1545 non
556 1481 659 1546 solum
674 1489 741 1546 erat
755 1484 793 1546 de
814 1483 923 1564 poetis,
942 1485 979 1547 de
1001 1485 1192 1564 rhetoribus,
1209 1486 1247 1547 de
1272 1490 1389 1566 septem
1409 1483 1542 1565 Sapien-

362 1586 460 1665 tibus,
475 1587 513 1650 de
531 1587 737 1670 philosophis,
758 1589 796 1652 de
818 1590 1047 1654 mathematicis
1063 1591 1106 1672 (v.
1122 1589 1294 1654 Heraclidis
1317 1589 1426 1653 Lemhi
1447 1589 1484 1652 11.
1507 1589 1541 1652 17

364 1709 412 1774 ap.
430 1693 462 1758 G.
487 1695 697 1778 Muellerum),
720 1697 888 1761 sedetiam
910 1699 948 1762 de
964 1697 1097 1780 [regibus
1119 1705 1150 1762 et
1168 1697 1420 1780 imperatoribus.
1443 1697 1541 1772 Quam

397 1917 426 1984 (¹)
440 1919 489 1968 llao
501 1917 527 1968 in
539 1922 671 1981 nemmem,
684 1923 713 1969 ut
725 1933 778 1970 moe
790 1924 827 1972 est
840 1921 904 1984 ejus,
914 1920 1074 1972 Nietzsohius
1084 1923 1163 1971 multa
1180 1921 1287 1972 exstruit
1298 1925 1324 1972 et
1335 1922 1401 1974 male
1412 1925 1540 1984 comperta

363 2013 407 2064 pro
430 2000 507 2050 certis
527 2001 644 2052 alllrmat.
663 2003 699 2050 Er
717 2001 746 2052 'eo
765 2015 815 2052 uno
835 2004 902 2064 qtrod
923 2004 1033 2053 asseruit
1053 2004 1314 2067 Satyrusbiogenem
1337 2003 1454 2066 cynicum
1477 2005 1541 2054 nihil

364 2081 493 2144 scripsisse
502 2081 541 2145 (D.
554 2082 580 2132 h.
593 2083 631 2140 lll,
645 2082 684 2144 81)
697 2097 747 2132 non
773 2081 836 2132 satis
853 2086 956 2146 apparet
976 2083 1091 2146 Satyrum
1109 2083 1229 2133 continua
1245 2084 1344 2134 ratione
1356 2084 1504 2134 Callimachi
1515 2090 1540 2135 et

362 2161 492 2224 llermippi
504 2162 607 2220 πίνακας
619 2167 779 2214 retractasse.
791 2164 864 2225 AEqui
874 2163 964 2227 judicii
975 2164 1039 2214 fines
1049 2163 1176 2226 imprimis
1188 2165 1373 2227 transgreditur
1384 2164 1540 2214 Nietzsohius

362 2257 441 2305 qurum
451 2242 542 2294 asserit
551 2244 667 2306 Satyrum
675 2243 807 2306 scripsisse
816 2243 889 2306 quasi
898 2240 1046 2312 ἀντιγραφὴν
1055 2247 1114 2311 πρὸς
1124 2243 1264 2311 Ἑρμίππου
1275 2246 1348 2311 βίους,
1353 2241 1474 2311 ἀκρισίας
1481 2246 1539 2308 jure

363 2323 443 2383 noxii,
456 2324 552 2374 etenim
561 2326 671 2389 aSatyro
680 2327 755 2375 ducta
766 2324 911 2375 testimonia
920 2327 1068 2388 plerumque
1077 2327 1143 2388 apud
1152 2325 1278 2375 laertium
1288 2329 1317 2374 ut
1326 2324 1454 2375 contraria
1463 2338 1539 2388 oppo-

363 2409 456 2455 nuntur
466 2407 542 2455 rebus
557 2408 634 2470 uulgo
647 2411 722 2457 antea
738 2405 834 2466 relatis,
849 2421 899 2455 non
912 2420 967 2456 uero
980 2419 1078 2468 semper
1092 2405 1222 2468 llermippi
1239 2406 1438 2466 narrationibus,
1455 2420 1537 2468 neque

361 2501 475 2549 unquam
489 2488 556 2536 ullus
570 2487 692 2536 indicarit
702 2490 816 2550 Satyrum
833 2490 920 2536 contra
932 2487 1095 2549 Hermippum
1112 2491 1155 2537 aut
1166 2501 1319 2550 quemquam
1331 2487 1409 2537 alium
1422 2500 1539 2548 expresse

361 2568 456 2630 aliquid
469 2566 615 2630 protulisse.
628 2570 738 2628 Quatuor
750 2566 777 2618 in
788 2568 860 2628 locis,
873 2569 940 2617 inter
950 2567 1094 2630 quindecim
1104 2567 1206 2617 omnino
1215 2571 1323 2629 serrata,
1337 2582 1385 2616 uon
1395 2567 1538 2617 consentire

361 2664 419 2699 cum
435 2650 567 2714 llermippo
581 2651 685 2711 Satyrus
700 2651 765 2712 apud
783 2650 910 2699 Laertium
929 2650 1032 2709 dicitur,
1049 2651 1080 2699 de
1100 2654 1180 2700 morte
1196 2652 1364 2712 Anaxagorae,
1381 2651 1536 2714 Pythagora,

361 2731 465 2780 Zenonis
487 2733 579 2782 Eleatae
603 2732 642 2796 (D.
667 2733 694 2780 t.
717 2733 748 2792 11,
770 2733 810 2792 11,
833 2731 896 2792 lllll,
917 2732 957 2790 16,
978 2731 1019 2790 lll,
1040 2731 1091 2793 Ed),
1111 2734 1135 2780 01
1156 2732 1187 2780 60
1206 2745 1233 2780 10
1254 2731 1363 2792 quadam
1383 2729 1488 2779 minima
1506 2730 1536 2778 ad

360 2813 488 2862 Platonem
509 2811 615 2861 Philolai
635 2812 758 2862 librorum
781 2816 917 2874 emptorem
940 2814 1069 2874 spectante
1086 2811 1126 2875 (D.
1143 2813 1168 2860 h.
1186 2811 1229 2869 lll,
1248 2815 1272 2872 9,
1292 2811 1324 2861 oi.
1342 2810 1403 2871 lllll,
1422 2811 1471 2872 85),
1487 2825 1537 2859 000

359 2895 468 2955 proiecto
481 2893 598 2943 addimus
610 2893 683 2943 illurn
700 2893 778 2943 etiam
795 2897 885 2943 contra
900 2892 1031 2955 llermippi
1043 2892 1187 2954 opinionem
1202 2906 1357 2956 repugnasse
1376 2894 1406 2942 de
1417 2893 1537 2955 Diogenis

359 2976 440 3038 cynici
458 2976 586 3038 operibus,
606 2991 664 3025 nam
687 2990 718 3025 ex
737 2989 787 3025 uua
807 2973 941 3024 Nietzsohii
960 2973 1107 3036 conjectura
1128 2974 1198 3031 πίναξ
1216 2973 1333 3036 Diogenis
1353 2973 1445 3036 cynici,
1464 2974 1536 3036 cujus

358 3058 489 3121 ignoratur
501 3060 598 3117 auctor,
609 3056 747 3118 llermippo
763 3055 906 3118 adscriptus
919 3058 965 3106 est.
978 3056 997 3103 A
1015 3055 1115 3104 Sotione
1132 3069 1233 3117 quoque
1248 3057 1288 3104 101
1303 3054 1420 3105 dissentit
1436 3057 1536 3118 Satyrus

355 3141 396 3214 (D.
410 3139 435 3188 L.
448 3139 481 3199 ll,
495 3139 538 3198 11,
551 3139 590 3198 Vl,
603 3141 646 3197 86,
659 3138 722 3197 lllll,
736 3140 786 3197 53),
801 3138 832 3186 ab
847 3137 996 3198 llieronymo
1012 3135 1107 3184 Rhodio
1124 3136 1200 3184 semel
1219 3138 1256 3198 (D.
1271 3137 1297 3186 L.
1310 3135 1341 3196 ll,
1355 3136 1405 3198 la),
1417 3136 1494 3186 semel
1506 3137 1536 3184 ab

357 3220 507 3270 Antisthene
523 3221 563 3284 (D.
585 3221 611 3269 L.
628 3219 670 3278 lll,
688 3220 737 3281 EG),
754 3222 792 3268 101
813 3220 844 3267 ab
864 3217 968 3267 incertis
985 3218 1128 3266 auctoribus
1144 3217 1182 3280 (D.
1201 3217 1226 3266 L.
1245 3217 1264 3277 l,
1281 3219 1319 3277 68,
1338 3216 1370 3278 ΙΙ,
1387 3220 1425 3277 81,
1438 3217 1481 3266 ubi
1497 3218 1536 3265 his

358 3301 470 3364 citatur).
494 3301 521 3350 ln
544 3314 641 3350 summa
666 3303 767 3361 Satyrus
791 3298 892 3349 ridetur
911 3297 1021 3347 voluisse
1046 3312 1106 3347 roro
1131 3299 1232 3361 propior
1255 3312 1310 3348 esse
1331 3313 1407 3360 quam
1430 3299 1535 3360 priores,

359 3381 520 3444 Hermippus,
532 3380 608 3440 Solio,
620 3380 675 3442 alii,
689 3394 738 3428 non
751 3387 836 3430 tamen
848 3394 890 3428 eos
902 3382 988 3441 aperte
999 3379 1138 3428 conlutarc.
1149 3379 1230 3436 Quum
1241 3377 1388 3428 testimonia
1399 3378 1537 3440 religiosis-

359 3463 421 3512 sime
430 3459 686 3524 collegisserideatur
696 3462 730 3510 (u.
741 3457 867 3522 imprimis
875 3473 915 3521 ap.
926 3461 951 3508 G.
963 3458 1120 3518 Muellerum,
1133 3461 1151 3506 t.
1164 3457 1205 3520 tv,
1215 3459 1339 3515 addenda,
1350 3472 1374 3521 p.
1386 3461 1441 3518 660,
1449 3460 1533 3507 locum

359 3545 391 3593 de
406 3543 515 3606 Diogene
535 3541 623 3606 cynico
643 3555 674 3591 ex
693 3541 845 3603 llieronymo
861 3542 1052 3603 chronographo
1074 3540 1256 3602 desumptum),
1274 3538 1403 3589 interdum
1419 3541 1534 3602 quaedam

359 3625 436 3672 babet
447 3624 540 3686 optime
550 3625 719 3684 compertaet
733 3636 760 3671 se
777 3623 872 3683 praebet
888 3621 1061 3688 κριτικώτατον
1073 3622 1107 3684 (v.
1121 3624 1148 3671 D.
1162 3621 1188 3670 L.
1201 3621 1240 3680 Vl,
1253 3621 1302 3684 86),
1319 3621 1432 3670 Fabellas
1449 3627 1534 3672 tamen

359 3704 428 3766 operi
450 3718 494 3752 suo
517 3702 629 3762 miscuit,
653 3703 720 3751 haud
743 3701 853 3751 insulsas
877 3715 948 3761 saue,
972 3703 1015 3750 sed
1043 3701 1112 3763 parri
1134 3699 1255 3750 momenti
1276 3700 1319 3764 (lr.
1342 3703 1371 3750 18
1395 3704 1419 3750 01
1442 3705 1480 3761 19,
1504 3715 1534 3751 ex

360 3767 547 3846 Atlrenoeo),⁸et
569 3788 624 3847 post
647 3784 709 3832 alios
731 3784 824 3832 mullos
846 3783 964 3832 fabellam
992 3783 1024 3832 de
1046 3783 1145 3832 Socrate
1167 3782 1265 3832 duabus
1287 3781 1437 3850 conjugibus
1459 3781 1534 3830 simul

359 3867 493 3928 conjuncto
515 3865 601 3914 retulit
628 3866 666 3928 (D.
690 3867 716 3914 L.
745 3865 776 3920 ll,
799 3863 847 3927 26),
871 3878 946 3925 quam
973 3863 1099 3926 posterius
1125 3862 1221 3926 primus
1248 3863 1390 3914 confutarit
1409 3862 1535 3914 Panaetius

360 3947 394 4008 (v.
411 3949 436 3996 G.
453 3948 610 4006 Muellerum,
627 3950 646 3994 t.
659 3947 690 4004 ll,
708 3959 732 4008 p.
745 3945 812 4006 181).
825 3944 991 3994 Nihilominus
1011 3945 1111 3994 videtur
1129 3946 1231 4006 Satyrus
1251 3943 1278 3994 in
1295 3945 1424 4008 plerisque
1443 3946 1534 3995 melius

359 4042 434 4089 quam
448 4027 596 4090 llermippus
611 4013 720 4076 sensisse
732 4026 791 4087 quid
805 4024 831 4073 in
844 4024 949 4076 historia
965 4025 1104 4074 uerisimile
1116 4023 1158 4076 sit.
1172 4025 1213 4075 Dis
1231 4041 1330 4089 quoque
1346 4026 1458 4076 videmus
1475 4042 1532 4076 eum

359 4107 471 4172 egregiis
481 4107 625 4158 auctoribus
637 4107 763 4169 innixum,
775 4107 917 4157 Pbanodico
930 4109 968 4172 (h.
983 4109 1010 4158 L.
1027 4109 1059 4167 ll,
1072 4111 1115 4168 81,
1126 4122 1200 4170 quem
1214 4110 1382 4158 Phanodioum
1394 4122 1443 4158 non
1456 4109 1533 4158 multo

357 4190 484 4251 juniorem
495 4188 629 4239 Aristotele
641 4188 750 4252 conjecit
763 4187 910 4248 6000111100,
920 4203 944 4238 v.
955 4189 979 4238 G.
992 4189 1148 4250 Muellerum,
1161 4192 1179 4240 t.
1190 4190 1229 4251 11,
1242 4205 1265 4252 p.
1276 4191 1342 4252 tra),
1354 4192 1378 4238 et
1390 4189 1532 4240 Dicaearcho

359 4270 398 4332 (D.
411 4271 437 4318 L.
450 4271 512 4329 Vlll,
525 4271 580 4332 10),
598 4275 638 4319 101
653 4269 705 4318 imo
720 4267 920 4317 consentientem
937 4282 995 4316 curn
1012 4267 1135 4320 Sosicrate
1151 4268 1191 4331 (D.
1207 4269 1233 4317 L.
1248 4270 1266 4328 l,
1280 4271 1323 4328 68,
1337 4269 1377 4328 111,
1390 4268 1530 4329 86,11,18;

360 4350 393 4398 cl.
410 4351 485 4409 Plut,
506 4353 538 4399 Dc
555 4349 592 4398 ira
608 4349 701 4410 cohib,
721 4349 751 4409 ll,
767 4363 791 4410 p.
808 4349 944 4408 16311111,
961 4353 985 4398 et
1001 4347 1091 4398 AElian.
1106 4350 1163 4398 llar.
1180 4349 1253 4409 11101,
1270 4350 1313 4410 111,
1329 4348 1362 4410 A),
1380 4348 1425 4411 qui
1442 4353 1496 4398 erat
1507 4353 1532 4398 et

360 4427 413 4490 lpse
428 4430 607 4495 κριτικώτατος,
625 4429 646 4477 01
663 4430 759 4478 nonde
776 4427 843 4476 omni
861 4432 1018 4490 argumento,
1036 4431 1104 4477 certo
1121 4430 1152 4479 de
1168 4429 1291 4478 librorum
1307 4429 1444 4496 indicibus.
1462 4431 1531 4489 Quod

359 4511 450 4560 attinet
469 4513 499 4560 ad
520 4512 603 4559 locum
621 4509 665 4558 ubi
680 4509 797 4572 jungitur
815 4510 917 4571 Satyrus
934 4509 1071 4573 Aristippo,
1088 4510 1184 4560 auctori
1202 4509 1307 4560 minima
1324 4509 1477 4574 baccigno,
1495 4511 1532 4560 ibi

358 4605 469 4640 errorem
481 4594 558 4640 latere
570 4589 692 4653 suspicor,
705 4591 803 4640 scilicet
815 4591 930 4652 Satyrum
944 4594 968 4640 el
979 4591 1134 4656 Aristippum
1151 4591 1246 4641 dixisse
1258 4606 1314 4654 quae
1326 4594 1392 4654 apud
1405 4591 1531 4642 laertium

359 4675 509 4734 sequuntur,
522 4673 566 4721 sed
584 4687 634 4721 non
650 4671 738 4720 eadem
753 4667 905 4732 utrumque:
923 4671 962 4722 hio
978 4672 1129 4722 Pausaniam
1141 4673 1263 4722 amasium
1275 4672 1430 4736 Empedoclis
1442 4673 1528 4734 luisse,

358 4751 403 4802 ille
421 4755 595 4816 Empedoclem
614 4752 721 4803 Pausani
777 4767 835 4802 uum
856 4767 945 4814 poema
964 4753 1130 4813 dedicavisse,
1150 4758 1179 4802 ut
1201 4753 1265 4803 mibi
1282 4753 1392 4818 videtur,
1413 4754 1530 4805 dixerant

359 4833 436 4894 (lllll,
448 4835 497 4896 60).
