3622 5708
814 586 971 650 ...23—

302 738 412 804 poema
426 722 477 804 (l).
492 722 527 785 L.
542 723 593 801 lll,
609 723 659 798 22)
674 722 723 802 (¹),
745 739 803 786 nec
823 721 978 786 minorem
998 722 1115 786 habere
1135 722 1228 786 fidem
1249 738 1327 803 opus
1344 721 1477 802 inscrip-

303 836 369 894 tum
389 833 526 912 Τριτγμτί
547 829 628 893 lonis
649 830 718 894 Chii
743 832 786 911 (v.
811 830 845 894 C.
870 829 1070 907 Muellerum,
1088 837 1109 893 t.
1126 829 1162 908 ll,
1179 847 1209 911 p.
1226 831 1332 905 hta-to,
1356 828 1474 908 h9·50);

296 936 361 1014 jam
382 943 503 1000 ueteres
523 935 714 1000 Callimacho
736 937 926 1017 obiiciehant
944 938 1026 1016 quod
1044 937 1206 1000 rhetorum
1219 952 1353 1000 numero
1369 936 1475 1000 Prodi·

302 1061 373 1107 curn
387 1043 612 1125 adscripsisset,
627 1046 774 1108 eumdem
789 1045 821 1109 iu
838 1045 1095 1127 philosophorum
1111 1045 1213 1110 indice
1225 1043 1475 1125 praetermisisset

302 1151 420 1232 (Schol.
436 1151 592 1232 Aristoph.
610 1152 681 1231 hv,
696 1153 779 1234 hiiah
797 1155 925 1218 saneah
943 1153 995 1216 illo
1011 1171 1136 1233 quoque
1152 1153 1288 1234 primum
1309 1152 1343 1216 iu
1362 1153 1474 1217 eodem

304 1257 407 1322 indice
418 1259 643 1340 praetermissus
654 1259 713 1324 luit
722 1259 861 1340 Gorgias,
874 1259 1014 1342 neglecta
1027 1260 1211 1324 auctoritate
1222 1258 1408 1337 Aristotelis,
1420 1258 1474 1340 qui

304 1365 599 1446 adversasdorgiam
611 1367 832 1448 philosophum
845 1367 1025 1448 scripserat3
1038 1384 1132 1448 quem
1144 1383 1295 1445 errorem,
1304 1373 1338 1430 ut
1350 1365 1475 1447 opinor,

303 1473 447 1554 religiose
472 1473 605 1555 amplexi
627 1482 700 1538 sunt
721 1474 742 1536 ii
765 1474 819 1554 qui
843 1475 1069 1540 Callimachum
1091 1473 1248 1538 subsecuti
1273 1481 1346 1537 suut
1367 1490 1476 1538 omnes

226 1571 230 1580 ’
303 1582 454 1662 usquead
471 1582 572 1664 ipsum
592 1583 771 1648 Laertium:
791 1584 843 1646 hic
863 1582 960 1661 enim,
977 1590 1011 1647 at
1028 1582 1159 1664 negligit
1180 1581 1358 1662 Prodicum,
1373 1581 1426 1644 vir
1440 1581 1475 1645 in

305 1689 440 1762 transitu
450 1689 646 1754 nominatum
660 1691 724 1771 llll,
738 1691 804 1770 50),
818 1690 861 1754 ita
878 1691 993 1754 cursim
1006 1691 1149 1770 Gorgiam
1164 1689 1284 1766 laudat,
1300 1695 1331 1752 et
1348 1688 1476 1769 quidem

305 1805 338 1860 ot
351 1799 507 1861 rhetorem
524 1799 611 1879 (Vlll,
628 1799 679 1877 58,
696 1798 745 1874 59;
763 1799 802 1862 cl'.
819 1799 870 1878 Pl,
889 1799 924 1861 l:
942 1802 1059 1881 Γοργίου
1074 1801 1122 1861 τοῦ
1138 1801 1255 1880 ῥήτορος
1270 1796 1363 1878 κτλ).

796 2505 919 2570 CAPUT
941 2506 979 2570 tv

720 2751 775 2809 De
813 2750 1057 2822 Hermippo.

341 2978 411 3040 Post
423 2976 648 3041 Callimachum
663 2977 842 3051 Huamram,
859 2976 926 3054 ejus
940 2975 1122 3057 discipulus,
1142 2975 1276 3052 scripsit,
1297 2976 1391 3057 paulo
1405 2985 1475 3058 post

301 3102 421 3152 aunum
441 3085 500 3150 aaa
524 3091 597 3152 ante
619 3084 690 3148 Chr.
715 3102 762 3162 n.,
787 3087 864 3162 βίους
884 3083 1155 3166 philosophorum,
1177 3084 1351 3165 rhetorum,
1370 3085 1473 3150 lorsan

302 3193 447 3272 aliorum,
469 3211 546 3275 opus
566 3192 803 3274 amplissimum.
827 3193 918 3256 Hunc
939 3192 1048 3256 saltem
1070 3193 1108 3256 ad
1132 3200 1307 3274 temporum
1329 3191 1474 3258 ordinem

302 3300 453 3365 litteratos
467 3301 610 3366 homiues
625 3317 824 3364 enumerasse
839 3300 967 3364 videtur
982 3308 1123 3365 constare
1138 3319 1145 3362 ε
1169 3301 1315 3364 narrabat
1333 3299 1419 3365 enim
1435 3301 1474 3366 de

301 3409 432 3474 lsocrate
453 3413 480 3473 ἐν
497 3419 537 3492 ap
556 3412 617 3493 περὶ
637 3409 814 3492 Ἰσοκράτους
834 3410 883 3490 (ir.
899 3411 952 3488 55,
972 3427 1022 3491 ap.
1042 3410 1077 3474 C.
1097 3407 1295 3486 Muellerum,
1318 3414 1341 3471 t.
1357 3408 1419 3491 lll),
1434 3409 1474 3474 de

302 3517 376 3582 lsaeo
399 3520 428 3580 ἐν
451 3526 490 3598 τῷ
514 3517 616 3600 β’περὶ
634 3525 689 3579 τῶν
710 3514 889 3599 Ἰσοκράτους
908 3521 1040 3597 μαθητῶν
1061 3516 1111 3596 (ir.
1128 3517 1192 3596 57),
1208 3515 1247 3578 tle
1268 3515 1423 3596 Hyperide
1445 3518 1474 3580 ἐν

302 3628 386 3708 τρίτῳ
400 3628 465 3688 κτλ.
482 3625 532 3704 (ir.
549 3623 613 3702 hl),
628 3624 681 3703 qui
698 3624 835 3704 prolecto
850 3622 924 3688 lihri
944 3640 1008 3687 noo
1029 3622 1088 3686 nisi
1108 3628 1209 3703 partes
1228 3628 1319 3685 eraut
1338 3621 1475 3702 ingentis

304 3731 440 3796 thesauri
460 3739 513 3796 aut
531 3733 603 3809 Blor,
627 3729 652 3792 si
673 3730 857 3795 lluellerum
876 3729 1050 3810 sequimur,
1072 3727 1227 3809 inscripti,
1249 3735 1314 3805 aut,
1336 3728 1361 3791 si
1385 3729 1475 3809 alios,

304 3841 371 3922 Περὶ
397 3848 452 3902 τῶν
478 3840 506 3900 ἐν
532 3839 643 3923 παιδείᾳ
668 3840 888 3918 declauderetur
913 3839 956 3918 (v.
981 3836 1092 3914 inira);
1118 3835 1198 3898 nihil
1222 3841 1327 3900 autem
1351 3843 1398 3898 ost
1422 3854 1477 3901 cur

304 3947 395 4010 illurn
418 3947 571 4026 tingamus
592 3962 655 4008 nou
681 3961 719 4008 ex
742 3945 852 4009 eodem
872 3944 983 4008 ordine
1004 3949 1098 4023 atquo
1120 3944 1259 4007 rhetores
1283 3943 1477 4008 distribuisse

302 4053 515 4136 philosophos.
541 4053 586 4114 ur
609 4053 658 4115 his
677 4067 752 4116 sane
774 4052 979 4132 quorumdam
1005 4051 1141 4132 capitum
1164 4050 1262 4115 titulis
1280 4051 1334 4132 qui
1355 4052 1394 4116 ad
1419 4068 1476 4116 nos

302 4168 514 4241 pervenerunt
531 4179 538 4220 ε

304 4303 342 4314 -
356 4270 384 4330 ἐν
399 4277 439 4349 τῷ
453 4265 554 4350 πρώτῳ
569 4268 630 4350 περὶ
647 4272 807 4350 Πυθαγόρου
822 4266 874 4347 (lr.
889 4265 941 4344 2l,
957 4266 996 4329 de
1011 4265 1181 4346 Pythagora
1196 4264 1288 4348 ipso),

332 4497 363 4562 (h
374 4498 503 4548 Bentleius
515 4502 600 4548 tamen
617 4499 796 4549 Callimachum
813 4499 926 4548 deleudit
940 4502 1031 4562 arguta
1047 4498 1195 4564 Diogeniani
1208 4499 1283 4562 hujus
1293 4497 1342 4547 loci
1351 4497 1475 4561 interpre-

301 4579 418 4629 tatione:
436 4594 458 4628 υ.
474 4581 503 4629 0.
518 4579 699 4629 Schneiderum
719 4581 750 4629 ad
767 4581 858 4642 fragm.
870 4582 908 4628 tt.
920 4582 1012 4629 Contra
1025 4581 1165 4628 Bentleium
1181 4579 1332 4642 opponimus
1349 4577 1475 4642 llermlppi
1549 4573 1552 4578 ’

302 4660 468 4723 lragmautum
478 4664 507 4709 27
517 4675 557 4723 ap.
568 4662 593 4710 C.
606 4661 752 4710 lluellerum
763 4660 804 4723 (ex
818 4663 846 4709 o.
863 4661 887 4708 h.
899 4661 963 4722 lllll,
975 4664 1055 4720 hrt-573
1068 4661 1124 4709 vide
1137 4659 1204 4709 inira
1216 4674 1240 4722 p.
1253 4661 1310 4722 ill:
1323 4659 1476 4710 Callimacho

305 4742 426 4804 magistro
447 4742 547 4792 ridetur
567 4743 709 4793 consentire
731 4742 895 4803 hermippus,
919 4743 1010 4804 quippe
1031 4743 1075 4804 qui
1097 4741 1269 4803 Empedoclem
1293 4743 1429 4792 contendat
1450 4741 1476 4790 iu

306 4827 421 4886 poemate
433 4823 582 4886 lleuophaui
593 4825 712 4874 ramulum
723 4816 930 4882 tuisse„minime
940 4835 998 4872 vero
1009 4821 1159 4873 Parmenidi.
1416 4831 1418 4838 ’
