3622 5708
867 566 1028 630 -pp..

362 697 521 778 magister,
535 733 575 744 -
589 697 648 762 nisi
671 697 803 779 legentis
822 697 930 764 oculos
952 697 1062 763 lelellit
1082 699 1190 781 papyri
1209 699 1355 765 semiraso
1371 699 1534 781 scriptura.

365 805 398 872 Si
417 823 467 869 res
485 805 535 873 ita,
547 821 580 868 se
597 805 722 884 habeat,
744 822 782 870 ex
799 805 855 870 illo
871 807 969 872 liuere
987 806 1250 872 existimabuntur
1263 807 1422 890 Apollonii
1440 806 1536 887 Tyrii,

363 912 605 977 aristocreontts
625 915 654 976 ἐν
674 920 738 990 ταῖς
756 917 917 998 Χρυσίππου
937 921 1051 997 ταφαῖς,
1073 913 1232 997 Hermippi
1253 917 1297 996 (v.
1317 932 1410 998 supra
1424 931 1456 997 p.
1471 915 1536 994 28),

363 1021 513 1102 Antigoni
540 1021 671 1110 Carystii
698 1021 885 1086 mentiones.
915 1057 952 1068 -
983 1021 1238 1089 Academicorum
1266 1030 1370 1090 autem
1404 1020 1538 1102 catalogi

365 1127 556 1194 Philodemoi
570 1129 671 1194 lentes
686 1128 798 1195 incerti
813 1135 898 1194 sunt.

406 1347 618 1430 Scepticorum
636 1346 724 1414 illam
742 1349 888 1430 διαδοχήν,
908 1363 970 1430 qua
989 1348 1085 1412 linem
1103 1348 1186 1432 capit
1204 1347 1321 1414 Laertii
1341 1348 1422 1414 liber
1435 1348 1485 1428 111,
1501 1365 1540 1412 ox

369 1460 494 1521 anctore
509 1455 644 1536 quodam
658 1452 810 1536 peculiari
825 1470 965 1534 manare,
981 1455 1131 1536 qnoniam
1141 1457 1294 1536 usquead
1311 1455 1397 1520 Sexti
1416 1473 1540 1521 sncces-

368 1579 470 1627 sorem
485 1561 697 1640 continuetur,
711 1561 742 1625 id
753 1561 873 1625 estsere
884 1561 923 1626 ad
933 1561 1049 1628 ltaertii
1065 1568 1200 1643 aetatem,
1216 1562 1310 1645 plano
1326 1563 1541 1645 comprobarit

367 1669 562 1748 Nietzschins
589 1669 721 1751 (Progr,
746 1686 778 1750 p.
807 1668 893 1734 10-11
901 1670 978 1748 ;.cl.
1003 1669 1174 1749 Bahnsch.,
1199 1687 1231 1750 p.
1256 1670 1327 1752 lid);
1352 1670 1419 1750 ejns
1442 1669 1538 1735 etiam

370 1777 531 1858 opinione,
547 1776 631 1842 idem
648 1783 715 1854 erat
732 1775 974 1860 hujuscemodo
989 1784 1097 1842 auctor
1110 1783 1204 1860 atque
1218 1775 1274 1842 illo
1286 1794 1305 1841 e
1319 1794 1382 1858 quo
1397 1777 1541 1859 scepticae

370 1883 520 1949 doctrinae
556 1865 796 1964 expositionem
816 1883 968 1964 excerpsit
1005 1883 1162 1962 Laertins3
1195 1883 1247 1949 ltic
1289 1892 1395 1951 autem
1433 1891 1541 1951 auctor

366 1993 546 2058 Turonostus
561 1991 689 2073 quidam
708 1997 786 2072 erat,
803 1991 835 2054 in
854 1993 913 2056 hac
927 1991 999 2074 ,ipsa
1018 1991 1213 2074 expositione
1232 1993 1377 2058 laudatus
1392 1991 1459 2074 (111,
1476 1992 1539 2074 70).

856 2721 1006 2786 CAPUT
1040 2723 1067 2784 11

404 2945 406 2952 ’
439 2949 490 3024 De
509 2959 728 3032 Hipponem,
748 2969 815 3017 nec
834 2969 904 3016 non
922 2957 966 3016 de
984 2955 1205 3028 placitorum
1222 2956 1489 3052 scriptorum„

371 3167 374 3172 ¹
417 3184 512 3252 llulto
541 3179 1130 3268 11311013311133130113111311131,
1159 3186 1195 3244 ut
1226 3180 1363 3260 videtur,
1397 3179 1546 3262 ponderis

373 3293 518 3376 scriptor,
533 3291 632 3356 aetatis
647 3289 723 3355 alias
737 3289 876 3366 incerte,
889 3303 1077 3368 quamquam
1092 3287 1285 3352 Nietzschins
1295 3288 1369 3370 (ltlr.
1382 3288 1437 3366 11,
1453 3287 1543 3360 1870,

376 3419 406 3482 p.
430 3401 501 3482 1111)
527 3405 558 3464 et
582 3395 777 3464 Bahnschius
799 3401 841 3478 (p.
867 3396 933 3475 16),
955 3395 1025 3460 lreti
1051 3395 1181 3461 dirersis
1204 3395 1344 3476 quidem,
1373 3397 1427 3459 sed
1456 3411 1545 3476 aeque

377 3508 510 3573 infirmis
524 3485 727 3588 argumentis,
742 3506 815 3568 eum
829 3503 930 3585 primo
946 3509 1018 3568 ante
1033 3503 1105 3568 Chr.
1122 3501 1236 3568 saeculo
1258 3510 1312 3569 aut
1333 3504 1428 3568 etiam
1447 3509 1547 3586 poste-

372 3614 599 3696 riuslloruisse
615 3612 855 3678 contenderunt.
1453 3663 1454 3666 ,

416 3721 624 3788 Praetermisso
640 3718 742 3802 operis
755 3715 847 3782 titulo
866 3717 963 3780 semel
978 3716 1092 3782 citatur
1113 3717 1306 3799 Hippobotus
1327 3734 1344 3782 a
1369 3715 1544 3783 Iamblicho

378 3817 478 3912 (Pyth.
496 3829 573 3906 vita,
592 3827 664 3904 l893
688 3826 726 3890 cl.
742 3824 870 3906 Porph.,
889 3825 954 3906 61),
976 3824 1144 3889 duodecles
1165 3842 1182 3888 a
1202 3824 1345 3902 Laerti03
1367 3830 1474 3890 contra
1496 3823 1545 3890 bis

377 3954 449 4002 eum
465 3939 493 4000 ἐν
506 3945 546 4018 τῷ
562 3935 629 4018 Περὶ
644 3935 788 4016 αἱρέσεων,
805 3932 902 3995 semel
917 3933 945 3994 ἐν
959 3943 994 4018 τῇ
1009 3940 1064 3994 τῶν
1075 3933 1234 4015 φιλοσόφων
1245 3933 1391 4019 ἀναγραφῇ
1405 3931 1546 3998 Laertius

377 4043 527 4110 laudavit.
542 4039 596 4106 llla
611 4038 706 4105 luisse
720 4056 813 4122 opera
828 4040 890 4103 duc
905 4046 1058 4120 separata,
1074 4054 1131 4102 nec
1146 4044 1267 4103 tantum
1281 4040 1359 4105 duos
1370 4039 1478 4104 titulos
1488 4039 1545 4104 nni

378 4151 463 4235 operi
487 4149 658 4230 assignatos
679 4163 757 4224 esse,
780 4146 915 4211 libenter
936 4151 1023 4227 puto,
1047 4146 1163 4228 quippe
1189 4146 1291 4229 operis
1313 4147 1382 4232 Περὶ
1411 4149 1544 4232 αἱρέσεων

378 4257 703 4341 propositumsevere
725 4254 889 4319 delinitum
914 4252 1071 4334 novimus,
1093 4252 1127 4316 in
1149 4269 1211 4334 quo
1239 4270 1342 4334 neque
1367 4252 1455 4320 locus
1479 4259 1546 4319 erat

377 4363 570 4448 philosophis
584 4361 637 4442 qui
652 4367 723 4426 ante
738 4360 896 4425 Socratem
910 4359 1056 4440 lloruere,
1072 4376 1131 4424 nec
1151 4360 1321 4441 quidquam
1338 4361 1409 4441 jure
1424 4360 1547 4426 admitti

377 4478 497 4554 potarat
510 4469 594 4551 quod
609 4469 647 4533 ad
661 4467 741 4532 vitas
754 4467 926 4549 pertineret
939 4464 1170 4532 describendas.
1186 4469 1252 4532 llea
1266 4467 1362 4548 igitur
1376 4467 1546 4547 sententia,

368 4567 415 4649 Jex
430 4583 573 4664 ἀναγραφῇ
589 4584 643 4640 τῶν
658 4577 816 4658 φιλοσόφων
831 4574 976 4656 decerpta
1001 4581 1074 4640 sunt
1088 4591 1285 4655 quaecunque
1308 4574 1347 4639 de
1361 4575 1436 4640 ritis
1456 4575 1549 4640 Hera·

377 4687 466 4750 clidis
479 4683 612 4762 Pontici,
628 4681 799 4746 Menedemi
817 4680 931 4762 cynici,
945 4681 1155 4764 Empedoclis,
1177 4681 1337 4761 Heracliti,
1363 4682 1545 4762 Democriti,

374 4795 648 4876 Pythagoreorum,
663 4789 746 4871 apud
761 4788 921 4853 Laertinm
940 4798 971 4854 et
995 4789 1205 4856 lamblichum
1226 4790 1364 4871 (lambi,
1384 4790 1444 4854 loc.
1468 4790 1522 4856 cit.
1533 4812 1542 4869 ;
