3622 5708
778 632 818 646 ..
839 599 877 663 35
899 634 935 646 ..

272 735 419 801 doctrinae
432 742 486 799 aut
499 735 602 816 potius
615 735 765 799 sestianae
779 734 907 814 addicti,
928 734 994 798 sive
1010 733 1146 799 Sotionis
1161 735 1322 816 cuiusdam
1336 753 1446 800 recen-

273 843 361 908 tioris
381 843 575 925 peripatetici
596 862 610 908 a
634 843 795 925 Simplicio
816 842 979 923 Gellioque
996 842 1160 912 memorati
1180 843 1254 926 (Hb.
1280 845 1335 924 M,
1358 843 1446 918 1868,

273 967 305 1031 p.
321 951 381 1014 638
395 969 461 1033 sqq.
472 973 482 1029 ;
495 953 616 1032 Progr.,
630 970 662 1034 p.
678 953 697 1015 9
704 973 714 1028 3
729 987 769 996 -
780 953 819 1016 cl.
836 959 867 1015 et
880 951 1036 1032 llossium,
1055 956 1086 1016 et
1099 949 1132 1015 6.
1146 951 1345 1032 Muellerum,
1363 958 1385 1015 t.
1401 954 1448 1033 lll,

273 1077 304 1142 p.
323 1061 380 1142 168
394 1066 473 1139 not,
493 1069 523 1124 et
536 1061 759 1137 Babnscbium,
776 1079 807 1142 p.
824 1061 890 1144 63).
902 1096 941 1106 -
956 1061 1103 1127 Nostrum
1123 1059 1284 1124 Sotionem
1299 1068 1329 1123 et
1348 1060 1450 1142 ipsum

274 1167 512 1249 peripateticum
526 1169 627 1243 ,tmsse
652 1168 847 1233 Nietzscbius
868 1167 1002 1233 asseruit
1023 1167 1095 1250 (lib.
1115 1169 1168 1242 M,
1195 1168 1284 1249 18611,
1306 1186 1340 1249 p.
1364 1169 1446 1248 aba),

274 1274 397 1340 infirma
445 1276 541 1340 fretus
588 1275 859 1340 ratiocinatione:
887 1293 986 1357 quum
1039 1282 1232 1357 compertum
1270 1277 1452 1358 babeamus
1566 1301 1569 1310 ’

275 1382 477 1465 Hermippum
498 1382 703 1464 Satyrumque
730 1383 928 1448 aratoribus
948 1382 1168 1466 peripateticos
1195 1382 1319 1446 babitus
1343 1382 1449 1460 luisse,

193 1525 196 1531 ·
275 1489 452 1554 Nietzscbio
475 1489 575 1572 placet
599 1507 707 1554 omnes
730 1508 793 1556 una
813 1491 1037 1556 Alexandrina
1061 1490 1176 1554 scholae
1198 1491 1336 1555 eruditos
1355 1491 1452 1572 viros,

276 1605 382 1680 utpote
396 1597 626 1679 peripateticos,
642 1614 798 1680 opponere
813 1597 1024 1678 Pergamenis,
1040 1603 1148 1681 utpote
1160 1598 1266 1663 stoicis
1282 1598 1451 1681 plerisque.

316 1707 446 1770 AEtatem
468 1707 565 1770 nostri
590 1706 727 1770 Sotionis
748 1723 786 1770 ex
803 1715 890 1789 parte
909 1707 1028 1772 indicat
1042 1707 1132 1788 ¹quod
1152 1708 1191 1772 de
1212 1706 1352 1771 Timonis
1366 1706 1455 1772 disci-

278 1812 373 1893 pulis,
387 1815 556 1896 Chrysippo
571 1815 636 1878 lere
651 1814 836 1896 aequalibus,
857 1832 916 1880 nec
931 1831 995 1878 nou
1012 1813 1051 1878 de
1065 1815 1134 1896 ipso
1150 1814 1320 1896 Chrysippo
1341 1815 1456 1879 dixerit

235 1984 238 1993 ,
278 1920 362 2001 (ride
384 1920 464 2016 intra
479 1939 546 2005 cap.
563 1923 649 2002 Vlll),
666 1939 760 2003 quem
775 1900 959 1986 defunctum
975 1939 1057 1986 auno
1076 1921 1137 1986 208
1156 1929 1229 1986 ante
1242 1923 1316 1986 libr.
1331 1940 1364 1986 n.
1382 1922 1456 1986 satis

279 2035 412 2106 constat3
425 2047 462 2093 ex
477 2039 563 2111 parte
578 2037 683 2095 autem
697 2032 780 2111 quod
795 2032 861 2110 ejus
876 2032 914 2094 de
930 2030 1179 2095 successionibus
1195 2029 1455 2112 philosophorum

280 2135 395 2199 librum
414 2137 445 2199 in
468 2139 688 2219 compendium
710 2138 865 2218 redegerit
886 2139 1071 2202 Hatracuroas
1090 2138 1207 2201 Laurus
1232 2138 1364 2224 (dequo
1384 2138 1456 2202 vide

281 2243 315 2307 C.
328 2243 524 2328 Muellerum,
537 2252 559 2308 t.
574 2247 622 2326 lll,
635 2264 664 2328 p.
681 2247 736 2310 llil
748 2247 843 2328 sqq),
860 2264 922 2327 quo
938 2262 1001 2310 non
1016 2245 1176 2325 juniorem
1186 2245 1281 2310 luisse
1297 2246 1457 2310 Sotionem

281 2351 354 2414 inde
382 2358 476 2432 patet.
506 2353 600 2433 Atqui
628 2353 743 2417 dicitur
775 2354 954 2418 Heraclides
986 2354 1069 2435 apud
1103 2353 1230 2418 Suidam
1256 2357 1385 2436 γεγονὼς
1413 2354 1457 2417 ἐπὶ

281 2462 459 2538 Πτολεμαίου
473 2464 521 2523 τοῦ
537 2465 618 2524 ἕκτου
634 2461 678 2542 (id
698 2469 744 2524 est
762 2462 972 2545 Φιλομήτορος,
999 2461 1150 2541 Mller).
1171 2461 1268 2525 Natus
1282 2461 1410 2541 quidem
1425 2461 1456 2524 in

281 2568 421 2648 AEgypto‚
452 2574 486 2631 ut
518 2576 645 2650 apparet
677 2585 693 2630 e
722 2569 817 2650 patris
857 2568 986 2632 nominc
1019 2568 1198 2650 Sarapionis
1213 2569 1264 2651 (¹),
1299 2568 1332 2631 in
1365 2568 1459 2632 relius

282 2673 414 2754 publicis
430 2677 549 2756 AEgypti
568 2675 740 2740 marimum
766 2676 904 2740 tenuisse
927 2676 1032 2740 locum
1054 2659 1193 2753 videtur3
1219 2675 1343 2757 scripsit
1365 2689 1458 2757 opera

283 2781 321 2845 cle
344 2800 400 2846 suo
426 2783 580 2862 quaedam,
613 2783 746 2867 Ἱστορίας
770 2783 853 2863 dico,
883 2783 991 2863 longas
1020 2789 1051 2846 et
1076 2784 1223 2848 verbosas
1249 2791 1280 2846 et
1303 2783 1459 2862 farragine

282 2890 421 2969 relertas,
431 2893 558 2972 insuper
567 2894 752 2971 Λτμότοτικοτ
761 2894 860 2973 λόγον,
874 2891 958 2954 unde
970 2907 1144 2970 cognomen
1157 2890 1295 2972 accepit3
1309 2898 1459 2972 praeterea

284 2997 421 3062 Sotionis
433 3000 566 3081 διαδοχάς
582 2998 614 3060 in
630 3006 750 3061 arctum
765 3005 920 3077 coegerat,
937 2997 1058 3062 otiandi
1080 3015 1261 3089 sauecausa
1274 3001 1286 3080 1
1300 2998 1325 3080 ).

322 3107 449 3187 Propter
463 3105 546 3169 tituli
560 3105 800 3170 similitudinem
814 3105 917 3168 eidem
933 3105 1089 3169 Heraclidi
1104 3105 1321 3170 tribuiturnbr
1337 3111 1456 3190 Σατύρα

286 3215 354 3292 βίον
379 3215 498 3292 ἐτιτομή
522 3230 537 3276 a
562 3213 684 3276 Laertio
710 3213 797 3294 (llll,
818 3215 875 3290 403
900 3213 951 3291 lX,
976 3213 1027 3294 ab)
1044 3219 1075 3276 et
1100 3213 1166 3295 ipsa
1192 3213 1240 3277 bis
1262 3213 1402 3279 laudata.
1429 3130 1461 3278 Si

284 3321 417 3385 Lembos
433 3320 611 3385 Heraclides
629 3320 792 3400 utriusque
814 3320 991 3402 compendii
1011 3328 1122 3387 auctor
1140 3321 1213 3400 luit,
1230 3322 1363 3386 alterum
1378 3319 1462 3385 vide·

286 3410 379 3493 bitur
390 3429 598 3509 composuisse
623 3438 657 3494 ut
678 3429 769 3493 alteri
790 3446 847 3510 pro
870 3429 1013 3509 portione
1037 3435 1068 3492 et
1092 3429 1232 3493 materiae
1253 3429 1463 3494 similitudine

285 3538 497 3618 responderet,
516 3544 547 3602 et
560 3554 633 3602 sane
648 3536 786 3601 Sotionis
805 3539 942 3620 Διαδοχαί
958 3537 1122 3617 Satyrique
1141 3541 1201 3601 Βία
1216 3539 1280 3602 duo
1296 3545 1385 3602 erant
1399 3539 1463 3602 lere

288 3646 428 3724 ejusdem
449 3645 546 3710 aetatis
562 3663 597 3710 ac
612 3647 735 3726 generis
752 3663 858 3726 opera.

329 3781 458 3845 Sarraus
472 3787 576 3876 autem
590 3780 642 3862 (de
662 3798 723 3860 quo
737 3779 810 3843 vide
831 3762 865 3844 C.
883 3781 1082 3860 Muellerum,
1098 3787 1122 3844 t.
1137 3781 1186 3861 lll,
1201 3800 1233 3863 p.
1252 3781 1308 3845 169
1323 3781 1419 3862 sqq),
1435 3790 1466 3845 et

289 3887 507 3970 peripateticus
531 3893 562 3950 et
585 3887 756 3952 Aristarchi
782 3887 934 3972 γνώριμος,
963 3889 1080 3973 quique
1105 3893 1183 3966 Ζῆτα
1208 3891 1341 3952 ἐκαλεῖτο
1368 3891 1466 3951 διὰτὸ

290 3999 545 4077 ζητητικοταύτοῡ,
580 3998 668 4075 cujus
699 3995 837 4077 denique
871 3996 1022 4061 doctrinae
1049 3999 1130 4063 lama
1170 3998 1208 4062 ad
1241 3997 1466 4079 Hieronymum

311 4309 354 4374 ·(1l
365 4312 393 4360 ln
413 4325 487 4361 nomo
509 4311 618 4373 quodam
642 4309 741 4374 AEggpti
764 4312 850 4361 natum
869 4309 1027 4360 Heraclidem
1050 4310 1128 4361 tradit
1151 4309 1254 4371 Suidas3
1276 4309 1467 4374 Καλαττανοςῆ

296 4384 463 4458 Ἀλεξανδρεὺς
474 4395 537 4451 erat,
551 4391 688 4441 secundum
700 4393 852 4442 Demetrium
864 4393 1013 4454 Magnetem,
1026 4404 1066 4454 ap.
1078 4393 1106 4442 b.
1119 4391 1145 4439 t.
1158 4391 1188 4453 ll,
1199 4395 1244 4454 9³⁴3
1255 4391 1346 4440 Calatis
1355 4391 1385 4439 ud
1398 4392 1470 4441 Ponti

294 4486 363 4521 oram
382 4473 537 4537 oppidulum,
550 4471 647 4522 colonia
665 4473 878 4532 Heracleensium‚
898 4475 966 4532 erat,
991 4487 1051 4522 num
1068 4471 1140 4522 nobis
1163 4471 1319 4522 credendum
1338 4471 1468 4522 bominem

295 4553 396 4604 nomine
420 4554 579 4618 Serapionem
606 4552 632 4602 in
655 4552 707 4602 illis
730 4553 880 4616 regionibus¹
901 4555 979 4603 vitam
1000 4551 1114 4618 degisset
1137 4554 1254 4604 Ceterum
1276 4551 1317 4602 bic
1338 4553 1409 4603 locus
1432 4551 1471 4604 ita

296 4636 442 4684 emendatus
454 4641 492 4685 est
502 4631 512 4684 ἐ
522 4639 673 4690 Καλακτῖνος
685 4634 720 4697 (v.
732 4633 910 4691 Mietzsclrium,
923 4635 969 4683 un.
981 4636 1024 4693 M,
1036 4635 1106 4694 1816,
1118 4647 1142 4695 p.
1156 4633 1221 4696 ato).

327 4715 355 4779 (²)
369 4717 509 4766 Habnsclrio
520 4717 555 4779 (p.
572 4715 655 4778 ts-to)
666 4713 808 4764 consentire
819 4729 916 4776 nequeo
929 4707 1092 4764 contendenti
1104 4713 1266 4764 Heraclidem
1278 4729 1328 4764 non
1341 4715 1467 4766 serviliter

297 4809 372 4858 opera
384 4798 506 4858 ampliora
517 4797 693 4857 coarctavisse‚
702 4796 745 4845 scd
758 4796 837 4844 multo
848 4794 994 4854 mutavisse,
1006 4797 1086 4846 multa
1094 4794 1189 4845 Sotioni
1200 4798 1225 4844 et
1233 4797 1320 4856 Satyro
1331 4795 1469 4856 addidisem

296 4880 387 4928 testem
402 4877 505 4929 adbibet
523 4878 679 4930 Babnscbius
694 4877 778 4930 locum
795 4875 899 4928 unicum
917 4875 992 4940 (11111,
1004 4875 1053 4940 63),
1065 4876 1096 4928 6ο
1116 4890 1165 4937 quo
1183 4875 1242 4926 uide
1263 4873 1328 4927 inlra
1349 4891 1404 4942 cap.
1426 4879 1457 4928 lll
