3622 5708
791 629 829 640 -,
853 592 891 656 33
912 626 953 638 ..

325 726 423 802 Quam
442 727 615 807 materiam,
632 727 734 792 titulo
759 727 825 809 ipso
850 727 1047 809 propositum
1072 725 1263 805 declarante,
1282 723 1460 789 tractavisse

158 858 164 866 ·
285 837 428 902 teruntur
441 835 580 918 quinque
591 843 732 902 auctores
747 836 901 901 aLaertio
917 833 1056 902 laudati:

330 944 358 1008 1.
373 945 473 1026 Sorxo,

326 1055 357 1119 2.
373 1054 558 1134 Sosucxxras,

327 1161 357 1227 3.
372 1162 562 1235 Auuxaunnn,

326 1271 357 1332 l.
374 1269 585 1344 Aurxsnunuas

323 1379 358 1442 ,5.
374 1378 569 1451 Marrucinos,
587 1373 767 1458 Sarapionis
781 1373 877 1453 filius,
894 1374 1012 1438 Laurus
1027 1372 1223 1454 cognomine,
1244 1372 1333 1452 cujus
1353 1371 1462 1436 saltem

286 1501 364 1566 opus
377 1483 458 1547 nihil
473 1483 558 1552 aliud
573 1490 639 1548 crat
654 1500 749 1564 quam
763 1484 882 1563 ἐπιτομὴ
897 1491 952 1546 τῶν
968 1485 1116 1557 Σωτίωνος
1131 1484 1280 1562 διαδοχῶν.

279 1660 282 1666 ,
325 1591 445 1666 Quibus
458 1591 694 1673 subjungendi:

325 1701 356 1764 6.
372 1701 476 1777 Nicias
489 1700 664 1778 Numerus,
682 1700 720 1764 ah
736 1700 886 1764 Athenaeo
899 1699 999 1763 sexies
1013 1698 1180 1783 laudatus;

327 1808 356 1871 7.
368 1809 435 1872 sto
449 1810 574 1882 stoicus,
590 1808 629 1872 de
643 1825 705 1888 qno
721 1809 803 1888 apud
818 1824 919 1871 unum
933 1807 1060 1872 Suidam
1074 1804 1194 1872 mentio
1208 1811 1266 1884 est,
1281 1805 1369 1885 cujus
1380 1810 1460 1868 cete·

286 1932 355 1978 rum
370 1933 387 1977 e
400 1915 522 1997 scriptis
536 1914 618 1978 nihil
635 1914 708 1979 tulit
723 1921 858 1979 aetatem.

326 2023 446 2087 Titulus
474 2030 578 2087 autem
614 2022 789 2087 communis
824 2039 878 2086 sex
912 2021 1061 2104 operibus
1096 2021 1243 2096 Sotionis,
1282 2019 1457 2099 Sosicratis,

286 2129 466 2208 Alexandri,
496 2131 703 2210 Antisthenis,
728 2130 826 2194 Niciae
849 2129 1033 2210 Nicaeensis,
1058 2129 1190 2206 Iasonis,
1215 2129 1340 2192 videtur
1365 2128 1458 2192 inisse

286 2240 420 2320 Διαδοχαὶ
433 2248 487 2301 τῶν
502 2242 672 2322 φιλοσόφων,
690 2255 753 2302 lion
773 2241 899 2319 Διαδοχὴ
919 2247 974 2301 τῶν
997 2240 1167 2320 φιλοσόφων.
1191 2237 1329 2317 Utraque
1350 2237 1458 2300 saltem

286 2344 403 2408 mentio
424 2345 578 2427 reperitur
603 2352 634 2407 et
654 2346 735 2427 apud
761 2343 919 2408 Laertium
945 2351 976 2406 et
996 2345 1078 2425 apud
1103 2343 1300 2423 Athenaeum,
1326 2344 1381 2407 sed
1405 2342 1459 2406 illa

286 2451 421 2533 sepius:
445 2455 581 2535 Διαδοχαί
603 2452 740 2517 Sotionis
759 2452 896 2516 citantur
918 2451 1087 2532 quinquies
1112 2453 1160 2529 (h.
1177 2451 1213 2515 L.
1228 2451 1264 2530 M,
1281 2453 1338 2528 7u3
1354 2452 1392 2530 V,
1408 2450 1459 2527 79,

172 2559 185 2580 “
286 2559 337 2637 86;
352 2561 425 2636 Vlll,
441 2559 493 2636 863
507 2561 622 2624 Athen.
637 2561 691 2640 lV,
707 2579 737 2642 p.
758 2561 814 2624 loa
830 2564 873 2640 e),
889 2559 1050 2624 Sosicratis
1065 2567 1113 2624 ter
1128 2561 1177 2638 (h.
1192 2562 1227 2624 L.
1244 2560 1294 2638 ul,
1313 2559 1349 2621 l3
1359 2579 1370 2636 ;,
1383 2558 1458 2637 lllll,

286 2668 317 2746 8;
346 2669 461 2732 Athen.
489 2670 527 2750 X,
557 2687 588 2750 p.
615 2671 673 2732 112
699 2687 731 2746 o;
758 2668 888 2744 ridell.
912 2667 1109 2743 Muellerum,
1132 2675 1154 2731 t.
1178 2668 1226 2744 ir,
1249 2686 1279 2749 p.
1300 2666 1460 2746 aul-503),

287 2776 456 2840 Alexandri
471 2777 573 2840 decies
590 2781 650 2858 (ap.
674 2777 711 2841 1).
735 2777 784 2853 1.;
808 2795 839 2840 r.
861 2776 895 2840 C.
919 2776 1119 2856 Muellerum,
1137 2782 1157 2838 t.
1174 2775 1219 2850 111,
1245 2795 1275 2857 p.
1292 2777 1351 2840 210
1365 2775 1447 2856 sqq.)

288 2883 480 2946 Antisthenis
494 2883 602 2947 novies
617 2884 680 2965 (ap.
697 2884 733 2945 D.
751 2885 783 2946 L.
790 2904 799 2960 3
816 2902 847 2948 r.
864 2883 897 2947 G.
913 2882 1110 2963 Muellerum,
1126 2890 1149 2948 t.
1164 2883 1212 2963 lll,
1223 2901 1254 2964 p.
1271 2883 1352 2962 182),
1363 2882 1460 2973 Niciae

288 2989 457 3054 Nicaeensis
472 2999 518 3053 ter
533 2990 596 3070 (ap.
612 2990 741 3066 Athen.;
757 3007 788 3054 r.
804 2989 836 3052 C.
854 2991 1053 3071 Muellerum,
1070 2997 1093 3054 t.
1107 2990 1158 3067 lii,
1174 3009 1205 3071 p.
1221 2990 1305 3068 luuh
1317 2989 1462 3053 similiter

286 3098 430 3161 tasonem
444 3097 601 3178 scripsisse
616 3100 774 3181 φιλοσόφων
790 3100 925 3178 διαδοχάς
939 3098 1050 3162 Suidas
1060 3097 1180 3174 asserit3
1195 3134 1235 3145 -
1246 3101 1370 3182 Διαδοχή
1386 3115 1461 3161 vero

286 3204 423 3268 Sotionis
444 3203 491 3267 his
513 3203 627 3268 dicitur
652 3205 700 3282 (D.
724 3204 757 3267 L.
782 3205 843 3278 Pr,
871 3206 882 3268 1
890 3225 899 3280 ;
919 3204 952 3277 ll,
973 3206 1034 3285 lt),
1050 3205 1211 3270 Sosicratis
1226 3204 1274 3269 bis
1289 3206 1338 3287 (h.
1355 3207 1390 3269 L.
1406 3207 1454 3280 Vl,

288 3311 327 3375 80
333 3333 343 3389 3
360 3312 477 3392 Athen.
497 3311 547 3389 lV,
567 3311 670 3402 1631),
691 3310 873 3389 Alexandri,
889 3311 1094 3391 Antisthenis,
1110 3311 1217 3386 Niciae,
1233 3312 1366 3392 Jasonis,
1381 3330 1462 3376 nun·

289 3435 396 3500 quam.
409 3419 580 3483 -Titulus
602 3425 706 3483 autern
727 3418 899 3482 Heraclidis
922 3419 1082 3501 ahsolutus
1096 3419 1193 3482 semel
1207 3421 1289 3500 apud
1306 3420 1464 3486 Laertium

288 3525 469 3609 reperitur:
501 3525 637 3606 Ἐπιτομὴ
658 3534 714 3589 τῶν
737 3529 885 3602 Σωτίωνος
908 3529 1046 3610 διαδοχῶν
1068 3527 1119 3609 (V,
1142 3527 1205 3607 79),
1229 3527 1304 3591 alibi
1326 3528 1463 3592 breviter

289 3634 404 3698 dicitur
417 3636 543 3717 Διαδοχὴ
558 3636 585 3695 ἐν
601 3632 631 3708 ἕξ
647 3636 767 3713 [trallae
781 3632 832 3714 (V,
843 3632 907 3710 91).
926 3670 962 3680 -
977 3635 1140 3712 Praeterea,
1156 3633 1261 3698 Nicias
1277 3634 1372 3698 semel
1388 3635 1461 3700 cita-

291 3747 343 3803 tur
356 3741 394 3805 ab
408 3741 561 3804 Athenaeo
575 3741 637 3822 (lv,
653 3758 684 3821 p.
704 3740 760 3803 lot
772 3744 800 3816 θ)
823 3742 852 3804 ἐν
867 3753 902 3826 τῇ
919 3741 981 3824 περὶ
997 3750 1052 3804 τῶν
1069 3744 1229 3825 φιλοσόφων
1241 3744 1362 3829 ἱστορίᾳς
1377 3743 1461 3807 simi·

289 3847 360 3911 liter
375 3849 550 3930 Eunapius,
562 3847 652 3910 initio
667 3847 820 3926 vitarum,
839 3848 1000 3912 Sotionem
1018 3849 1177 3931 scripsisse
1195 3851 1238 3914 ait
1251 3855 1302 3929 τὴν
1314 3855 1462 3936 φιλόσοφον

290 3959 425 4040 irreptum
442 3974 512 4036 quae
527 3956 681 4021 vocabula
695 3973 770 4020 sane
786 3956 869 4019 idem
883 3956 1060 4036 significant
1075 3975 1110 4022 ac
1120 3958 1309 4023 uocabulum
1321 3961 1460 4042 διαδοχαί,

289 4063 331 4128 ila
345 4065 437 4145 plane
452 4063 654 4145 declaratum,
671 4063 785 4146 quippe
801 4063 950 4128 continua
964 4065 1059 4128 series
1074 4066 1293 4147 magistrorum
1313 4084 1348 4131 ac
1367 4067 1461 4131 disci-

288 4171 437 4252 pulorum
458 4171 520 4235 dici
542 4179 642 4253 potest
664 4170 872 4255 ἱστορικώτερόν
893 4195 919 4234 τι
944 4189 1039 4252 quam
1066 4173 1201 4238 vitarum
1225 4173 1333 4254 series,
1367 4174 1461 4238 etiam

290 4280 399 4343 ordine
408 4287 584 4361 temporum
595 4280 731 4344 evoluta.
742 4281 888 4344 -Voces
898 4288 1002 4343 autem
1010 4283 1142 4362 διάδοχος
1156 4299 1193 4344 ac
1205 4284 1322 4364 διαδοχή
1337 4282 1461 4363 proprie

291 4386 439 4451 dicuntur
452 4389 490 4451 de
504 4387 629 4468 regibus
643 4395 697 4452 aut
710 4389 749 4451 de
765 4387 997 4466 magistratibus
1011 4387 1065 4468 qui
1083 4387 1137 4451 alii
1153 4388 1186 4451 in
1202 4388 1337 4452 aliorum
1359 4387 1464 4453 locum

290 4494 357 4558 sine
386 4494 450 4559 ulla
478 4495 710 4559 intermissione
738 4496 912 4560 succedunt
940 4495 990 4577 (¹).
1021 4494 1095 4569 Quae
1116 4495 1212 4560 etiam
1233 4495 1462 4560 continuationi

322 4674 351 4739 (1)
362 4677 429 4726 inter
438 4675 488 4726 alia
500 4677 613 4739 exemplo
626 4676 660 4726 sil
672 4675 761 4725 titulus
771 4675 884 4726 lunehris
895 4676 1058 4740 Hermogenis
1070 4677 1162 4754 medici
1172 4676 1261 4740 (lnscr.
1271 4679 1466 4740 muranenses,

291 4768 332 4820 ap.
344 4756 506 4818 Boeclrhium,
519 4766 548 4806 n⁰
561 4759 637 4817 atla,
650 4756 723 4820 cujus
735 4755 913 4806 commentario
931 4756 1048 4806 nonnihil
1066 4757 1167 4808 addidit
1183 4760 1213 4810 G.
1231 4759 1378 4819 Muellerus,
1389 4764 1408 4810 l.
1421 4760 1466 4819 lll,

293 4849 318 4902 p.
332 4837 403 4902 thal:
420 4836 489 4888 inter
502 4837 556 4902 ejus
572 4851 647 4901 opera
667 4836 798 4901 historico,
811 4851 918 4900 quorum
934 4837 1053 4890 marmori
1069 4838 1164 4890 mentio
1181 4837 1303 4903 inscripta
1312 4844 1360 4901 est,
1373 4853 1467 4891 memo·

1263 4956 1278 5008 3
