3622 5708
783 627 942 690 -43-

274 760 379 826 Nicias
399 767 524 825 secutus
541 761 596 826 sit.
618 761 762 826 Ceterum
783 778 820 825 eo
843 778 906 825 non
929 779 1004 828 usus
1027 762 1121 827 luisse
1146 762 1288 828 Laertius
1314 761 1447 845 videtur,

274 870 362 949 cujus
378 869 497 934 nullam
511 869 582 934 iecit
597 869 800 934 mentionem.

314 1086 519 1151 Axxxsrxxmnu
548 1086 688 1151 Laertius
717 1086 866 1151 undecies
895 1085 1012 1160 citavit,
1044 1086 1085 1150 ita
1116 1092 1219 1152 temen
1247 1092 1283 1150 ut
1315 1092 1448 1166 quatuor

274 1201 396 1259 tantum
430 1194 505 1258 locis
540 1195 579 1259 ad
619 1195 830 1258 successiones
866 1193 1126 1275 philosophorum
1166 1194 1343 1258 testimonia
1381 1195 1447 1274 ejus

274 1303 426 1386 possimus
443 1304 571 1366 reterre.
592 1302 649 1378 Qui
665 1303 792 1384 quidem
808 1303 840 1365 in
856 1286 1043 1366 'testimoniis
1057 1303 1095 1366 de
1110 1303 1174 1367 vita
1189 1302 1447 1384 philosophorum

274 1411 323 1474 vir
343 1410 459 1492 sagacis
482 1411 599 1492 ingenii
623 1429 681 1475 nec
702 1412 870 1475 mediocris
891 1411 1078 1476 eruditionis
1097 1411 1223 1476 videtur
1243 1412 1348 1475 luisse.
1363 1413 1448 1476 idem

274 1521 312 1583 de
336 1519 390 1582 illo
412 1518 577 1600 opinamur
597 1536 614 1582 e
636 1518 712 1583 locis
733 1521 770 1582 ad
792 1519 1004 1583 successiones
1025 1519 1265 1600 pertinentibus.
1286 1521 1351 1584 Hoc
1370 1535 1447 1582 vero

273 1627 408 1692 maxime
441 1627 614 1691 notandum
647 1634 703 1703 est,
740 1627 898 1692 Laertium
926 1626 1120 1692 Antisthenis
1149 1627 1331 1710 opinionem
1359 1627 1445 1709 quasi

271 1736 465 1800 transeundo
507 1735 644 1799 inserere
682 1753 784 1816 neque
827 1736 912 1799 illius
949 1735 1132 1800 auctoritate
1170 1753 1261 1800 usum
1300 1752 1367 1799 osse
1409 1735 1446 1798 ad

275 1843 468 1925 disponenda
503 1843 597 1907 totius
632 1843 842 1926 philosophiae
877 1861 984 1925 graeoae
1018 1850 1191 1909 stemmata.
1227 1843 1329 1908 Habes
1366 1841 1446 1908 inira

273 1951 370 2033 ipsius
385 1949 497 2015 Laertii
513 1951 696 2032 scripturam
715 1971 722 2012 :
1170 1927 1178 1945 ⁸

273 2106 275 2113 ι
318 2060 345 2123 l.
363 2059 545 2123 Theodorus
566 2058 676 2122 atheus
698 2061 802 2138 ἤκουσε
821 2061 869 2123 καὶ
890 2059 1076 2145 Ἀννικέριδος
1096 2062 1144 2123 καὶ
1160 2063 1301 2125 Διονυσίου
1319 2066 1366 2124 τοῦ
1385 2061 1447 2124 δια·

274 2170 416 2244 λεκτικοῦ,
432 2170 506 2230 καθαὶ
520 2189 601 2249 φησιν
619 2165 792 2245 Ἀντισθένης
812 2169 841 2229 ἐν
860 2169 1017 2258 ριλοσόρων
1037 2170 1185 2250 διαδοχαῖς
1207 2167 1255 2248 (ll,
1267 2167 1332 2244 98).
1348 2166 1447 2248 Supra

276 2281 380 2340 autem
401 2274 542 2338 Laertius
562 2291 601 2337 ex
622 2292 776 2355 anonymo
796 2276 931 2355 quodam
950 2277 1089 2338 reterens
1106 2275 1334 2340 successionem
1351 2280 1447 2344 totam

275 2383 526 2465 Cyrenaicorum,
555 2384 754 2448 Theodorum
784 2384 897 2447 iecerat
925 2383 1073 2466 Aristippi
1110 2382 1326 2448 lietrodidacti
1356 2381 1448 2447 disci-

276 2492 385 2574 pulum
401 2490 449 2572 (ll,
464 2490 529 2572 86).
1336 2575 1339 2582 Ι

314 2600 344 2662 2.
361 2599 514 2679 Diogenes
542 2597 754 2681 Apolloniates
781 2603 897 2679 ἤκουσε,
924 2606 964 2676 ὥς
988 2624 1070 2684 φησιν
1090 2599 1279 2680 Ἀντισθένης,
1301 2598 1448 2680 Ἀναξιμέ-

275 2730 337 2782 νους
354 2705 400 2789 (¹);
420 2706 551 2772 forsitan
569 2707 729 2771 tinxerunt
746 2706 841 2771 etiarn
861 2709 898 2772 ah
913 2707 1098 2772 Antisthene
1113 2725 1184 2789 quae
1198 2714 1393 2788 sequuntur:
1413 2705 1447 2786 ἦν

276 2817 306 2876 δὲ
323 2820 384 2890 τοῖς
403 2819 517 2898 χρόνοις
533 2814 600 2878 κατ’
617 2812 822 2899 Ἀναξαγόραν.
844 2813 875 2878 si
898 2820 1020 2879 tantum
1041 2815 1235 2896 suspicamur
1255 2813 1448 2880 Antisthenis

276 2921 489 2985 testimonium
508 2939 525 2986 a
547 2909 670 2985 Laertio
690 2922 782 2985 stulte
801 2922 895 2985 luisse
916 2929 1121 3002 contractum,
1143 2930 1178 2987 ut
1202 2939 1310 2988 revera
1335 2921 1449 2986 dixerit

275 3029 504 3111 Apolloniatum
526 3031 704 3112 Diogenem,
728 3030 921 3111 Anaxagorae
941 3032 1107 3112 aequalem,
1130 3051 1162 3096 se
1184 3033 1222 3097 ad
1245 3031 1447 3097 Anaximonis

275 3138 446 3203 doctrinam
462 3137 672 3219 antiquiorem
688 3137 940 3213 eoniormavisse‚
958 3141 1023 3218 jam
1042 3146 1162 3221 patrem
1180 3140 1331 3204 habemus
1345 3138 1447 3203 Antis·

276 3246 401 3309 thenem
423 3247 517 3326 hujus
534 3232 691 3328 opinionis
711 3247 749 3310 ad
770 3263 863 3327 quam
884 3247 1009 3311 adducti
1030 3254 1102 3311 sunt
1121 3247 1327 3311 recentissimi
1347 3246 1447 3328 philo·

275 3354 391 3435 sophiae
420 3371 527 3434 graecae
553 3353 693 3418 historici
722 3353 776 3434 qui
805 3356 843 3418 de
872 3355 1043 3436 originihus
1070 3354 1275 3438 Apolloniatae
1301 3355 1447 3436 Diogenis

276 3464 437 3542 doctrinae,
453 3463 633 3528 difficillima
649 3464 833 3543 quaestione,
854 3464 1045 3545 scripserunt
1052 3484 1061 3541 3
1081 3471 1263 3544 utcumque,
1280 3464 1448 3544 Diogenem

275 3571 476 3635 Anaximenis
490 3571 615 3635 iamiliae
630 3587 727 3651 quum
743 3578 940 3644 annumerat,
953 3577 988 3635 ut
1001 3571 1198 3635 Aristotelem
1209 3573 1252 3653 (ν.
1265 3588 1357 3652 supra
1372 3589 1402 3651 p.
1415 3570 1448 3652 8)

275 3682 378 3743 forsan
400 3678 553 3758 sequitur,
573 3679 626 3760 qui
651 3678 836 3743 Anaximeni
863 3679 1032 3758 Diogenem
1059 3679 1231 3759 subjungit,
1257 3679 1298 3743 ita
1323 3677 1448 3742 veritati

275 3788 475 3851 Antisthenes
488 3787 616 3869 propior
630 3794 676 3850 est
690 3803 783 3868 quam
795 3788 1037 3868 Theophrastus,
1048 3787 1102 3868 qui
1119 3786 1265 3869 Leucippi
1283 3793 1314 3850 et
1328 3787 1448 3852 Anaxa·

274 3913 357 3976 gorae
372 3894 497 3959 iamiliis
509 3896 654 3959 eumdem
668 3893 873 3977 adscripscrat
887 3894 930 3976 (v.
948 3913 1041 3976 supra
1055 3913 1086 3977 p.
1107 3896 1167 3976 13).
1183 3929 1224 3942 -
1237 3896 1328 3960 Istam
1344 3900 1448 3959 autem

274 3997 467 4066 Antisthenis
488 4005 631 4086 εὐστοχίαν
653 4002 795 4067 Laertius
815 4020 940 4084 prorsus
965 4002 1105 4086 negligit,
1133 4003 1284 4086 quoniam
1306 4002 1448 4068 medinm

277 4110 409 4175 collocat
422 4109 652 4192 Apolloniatam
673 4109 756 4173 inter
775 4110 937 4174 Abderitas
955 4110 1153 4191 Protagoram
1168 4115 1198 4173 et
1216 4109 1447 4189 Anaxarchum,

277 4217 457 4299 Democriti,
472 4217 496 4281 si
513 4219 540 4281 ei
557 4219 683 4282 credere
698 4218 817 4299 liceret,
834 4218 1013 4300 discipulos.

317 4327 347 4389 3.
365 4327 455 4391 Hisce
478 4327 601 4391 duobus
624 4325 701 4390 locis
726 4327 853 4391 tertium
878 4329 1055 4407 conjectura
1084 4326 1175 4390 nohis
1201 4325 1294 4392 liceat
1321 4327 1446 4392 addere.

277 4437 442 4514 Postquam
460 4433 607 4499 Heracliti
624 4439 876 4520 μεγαλοφροσύνης
894 4435 1029 4515 signum,
1050 4434 1269 4499 Antisthenem
1288 4443 1448 4502 auctorem

277 4542 479 4621 denuntians,
494 4541 632 4607 breviter
646 4543 800 4618 exhihuit,
817 4543 859 4606 ita
875 4542 976 4623 pergit
990 4543 1151 4607 Laertius:
1168 4548 1304 4622 τοσαύτην
1320 4547 1350 4607 δὲ
1364 4543 1447 4621 δοξαν

277 4653 394 4734 ἔσχετο
413 4655 583 4735 σύγγραμμα
602 4653 642 4726 ὡς
663 4651 711 4713 καὶ
732 4652 890 4734 αἱρετιστὰς
909 4651 960 4713 ἀπ’
972 4653 1053 4715 αὐτοῦ
1068 4655 1197 4732 γενέσθαι
1212 4655 1275 4728 τοὺς
1289 4654 1448 4730 κληθέντας

309 4883 339 4947 (¹)
352 4885 423 4935 hunc
433 4883 516 4935 locum
527 4882 612 4934 omisit
623 4884 648 4935 c.
661 4883 835 4946 hostiumst.
848 4883 890 4943 lll,
904 4896 928 4946 p.
943 4884 996 4935 lut.
