3622 5708
867 629 1027 694 -xp-

390 767 566 830 Axnmunnu
581 763 634 828 ille
649 765 704 845 qui
723 768 864 848 Διαδοχὰς
882 775 936 828 τῶν
957 769 1114 849 φιλοσόφων
1135 765 1257 847 scripsit
1277 765 1358 830 idem
1375 773 1420 830 est
1435 774 1526 846 atque

351 874 528 940 Alexander
542 874 681 938 Milesius
700 891 793 954 quern
815 876 1035 938 Poxxrusronau
1050 891 1162 938 vocare
1184 883 1375 938 consuerunt
1389 883 1525 953 veteres;

353 985 436 1064 quod
471 983 535 1046 iere
567 999 675 1045 omues
710 989 782 1046 aute
821 982 1034 1044 Mietzschium
1074 983 1290 1062 conjecerant,
1328 984 1526 1046 manilestum

351 1089 546 1154 Mietzschius
567 1089 639 1152 iecit
660 1089 733 1170 (lib.
760 1089 815 1169 M.,
844 1089 934 1167 l869,
955 1107 987 1168 p.
1010 1088 1095 1167 206),
1122 1089 1215 1153 allato
1235 1090 1342 1169 Cyrilli
1368 1090 1450 1168 loco,
1472 1091 1526 1170 qui

351 1199 384 1264 G.
408 1197 592 1262 Muellerum
611 1202 642 1259 et
664 1203 782 1259 ceteros
802 1197 934 1275 fugerat.
958 1195 1130 1260 Luculenta
1153 1195 1281 1276 quidem
1303 1197 1527 1278 disceptatione

348 1305 382 1370 G.
404 1304 571 1369 Muellerus
593 1303 628 1384 (t.
643 1303 697 1381 ΙΙΙ,
720 1322 750 1384 p.
775 1303 847 1384 206)
870 1302 1084 1383 comprobarit
1110 1303 1336 1383 Alexandrum,
1362 1305 1526 1369 advectum

347 1415 480 1477 Romam
505 1427 631 1475 servum
663 1415 693 1474 et
726 1417 949 1492 praeceptorem
977 1409 1115 1474 Cornelii
1142 1410 1278 1485 Lentuli,
1312 1412 1385 1475 dein
1418 1429 1528 1476 manu·

348 1521 477 1584 missum
496 1525 527 1582 et
548 1536 564 1583 a
586 1517 668 1599 Sylla
696 1517 821 1581 civitate
843 1519 1006 1596 donatum,
1030 1517 1171 1583 iloruisse
1194 1521 1300 1583 Romae
1322 1520 1403 1585 intra
1429 1537 1528 1584 annos

348 1628 457 1704 82-603
470 1625 610 1707 alioquin
626 1626 752 1704 qnando
770 1631 862 1689 natus
884 1626 957 1704 erit,
980 1626 1105 1706 quaudo
1122 1627 1247 1705 obierit,
1266 1627 1347 1690 nihil
1361 1628 1525 1707 significat.

350 1736 431 1800 Saue
456 1753 540 1800 nexu
564 1735 700 1814 quodam
736 1734 909 1799 coherebat
938 1752 1010 1798 cum
1040 1734 1143 1799 schola
1172 1735 1303 1800 Cratetis
1334 1737 1527 1816 Pergameni,

349 1831 452 1923 stoici,
467 1843 644 1907 Aristarcho
665 1841 793 1921 aequalis
800 1862 809 1918 ;
831 1859 889 1905 nec
908 1849 1013 1906 tamen
1030 1842 1161 1907 Cratetis
1181 1843 1240 1906 luit
1258 1844 1394 1922 auditor,
1414 1844 1529 1927 quippe

350 1959 457 2018 contra
470 1957 621 2033 repugnat
633 1952 709 2014 ordo
720 1957 896 2032 temporum
908 1951 952 2029 (v.
965 1951 999 2014 d.
1015 1951 1212 2030 Muellerum,
1225 1951 1263 2014 de
1275 1951 1380 2016 Suidae
1392 1951 1531 2016 testimo-

350 2060 431 2140 nio).
454 2058 603 2140 Reperire
624 2064 728 2123 autern
752 2058 833 2139 apud
856 2057 1016 2122 Laertium
1038 2057 1154 2122 indicia
1169 2058 1208 2121 de
1228 2057 1405 2122 Alexandro
1425 2060 1530 2122 stoicae

352 2165 526 2248 disciplinae
548 2166 670 2231 addicto
694 2165 806 2231 usitata
823 2183 877 2230 sua
900 2166 1026 2230 solertia
1045 2165 1134 2229 nisus
1150 2172 1196 2228 est
1215 2166 1423 2245 Nietzschius,
1443 2167 1530 2246 cuius

354 2281 536 2357 argumenta
551 2273 662 2340 durius
682 2275 803 2338 detorta
819 2275 913 2339 iidem
928 2276 1028 2338 iacere
1045 2279 1209 2354 nequeunt
1220 2274 1265 2356 (v.
1277 2274 1356 2338 inira
1367 2293 1399 2356 p.
1412 2274 1528 2356 totu).

395 2494 439 2556 De
465 2489 648 2556 Aurxsrunua
678 2490 808 2571 quaestio
833 2491 925 2555 valde
955 2490 1085 2555 obscura
1114 2498 1171 2555 est.
1201 2491 1396 2556 Nietzschius
1426 2499 1531 2558 autem

355 2601 399 2683 (p.
412 2600 471 2664 203
486 2599 568 2681 sqq.)
582 2598 656 2663 satis
671 2600 852 2680 comprobat
864 2616 936 2663 eum
945 2599 1039 2663 luisse
1051 2600 1208 2664 Demetrio
1221 2601 1355 2679 Magneti
1368 2601 1528 2680 ignotum:

357 2714 423 2772 erat
443 2707 539 2788 igitur
558 2706 758 2770 Antisthenes
780 2706 937 2770 Demetrio
958 2705 1069 2770 saltem
1088 2707 1228 2786 aequalis,
1251 2716 1304 2772 aut
1320 2708 1422 2789 potius
1441 2714 1531 2772 aetate

357 2815 412 2878 iilo
437 2814 583 2892 inieri0r3
613 2799 738 2893 uigebat
763 2821 866 2878 autem
895 2815 1070 2878 Demetrius
1092 2816 1215 2894 Magnes
1244 2822 1311 2896 post
1339 2816 1531 2879 Demetrium
1575 2887 1584 2906 ὁ

357 2923 520 3005 Scepcium
539 2922 584 3004 (v.
603 2923 640 2985 D.
663 2925 698 2986 L.
719 2923 770 3002 ΙΙΙ,
791 2923 856 3002 Sl),
876 2922 930 3003 qui
950 2939 1032 2987 auno
1055 2924 1093 2989 70
1113 2933 1185 2987 ante
1204 2924 1278 2987 Chr.
1294 2942 1327 2987 n.
1344 2923 1434 3004 obiit,
1449 2925 1532 2988 idem

357 3037 429 3096 aute
478 3029 662 3110 Dionysium
709 3030 993 3110 Halicarnasseum,
1039 3031 1170 3111 Augusti
1210 3031 1338 3096 cesaris
1381 3033 1533 3112 aequalem

356 3139 400 3221 (v.
422 3137 537 3216 Nietz.,
560 3155 590 3218 p.
618 3137 704 3219 182);
735 3137 875 3218 alioquin
899 3155 972 3201 eum
995 3137 1028 3201 in
1050 3137 1148 3202 Brrrto
1168 3138 1251 3202 inter
1272 3157 1343 3203 suos
1369 3140 1532 3203 rhetoricae
1585 3173 1590 3186 ·

355 3252 559 3329 praeceptores
592 3246 699 3310 Cicero
733 3245 911 3310 numeravit
943 3245 996 3327 (ei.
1031 3247 1075 3310 Ad
1110 3247 1172 3310 Att.
1207 3248 1258 3327 lv,
1295 3248 1356 3327 to).
1389 3248 1533 3311 Ceterum

353 3353 553 3417 Antisthenes
585 3352 713 3433 quidam
737 3352 969 3433 peripateticus,
991 3354 1044 3434 qui
1072 3354 1237 3442 scripserat
1264 3355 1302 3418 de
1323 3355 1532 3433 mirabilibus,

356 3461 453 3541 inque
486 3460 524 3523 iis
557 3461 595 3523 de
627 3459 853 3541 pyramidibus,
886 3461 969 3524 inter
997 3462 1210 3526 Alexandrum
1242 3464 1466 3544 Polyhistorem
1503 3471 1534 3527 et

357 3568 523 3651 Apionem,
536 3567 652 3631 Tiberii
664 3569 793 3632 Caesaris
806 3568 970 3648 aequalem,
988 3569 1182 3634 ordinandus
1197 3578 1243 3634 est
1259 3571 1382 3652 (Nietz,
1397 3589 1426 3652 p.
1444 3571 1514 3652 aot)
1523 3592 1531 3648 ;

359 3683 500 3741 nostrum
520 3680 664 3739 tenemus
683 3675 914 3756 Antistheuem,
929 3676 954 3739 si
975 3675 1153 3740 Nietzschio
1176 3678 1302 3742 credere
1323 3695 1449 3758 aequum
1472 3685 1532 3754 est;

360 3789 442 3849 certe
467 3781 704 3868 noniuiquum
727 3789 790 3858 est,
817 3798 889 3862 ergo
916 3783 1091 3856 credamus,
1117 3800 1215 3863 quum
1240 3784 1321 3846 nihil
1345 3785 1385 3847 sit
1419 3802 1481 3865 quo
1504 3784 1534 3848 ei

358 3906 569 3973 repugnemus
580 3889 629 3970 (²).
654 3891 731 3968 imo,
761 3889 980 3954 Antistheuem
1005 3897 1147 3954 nostrum
1172 3891 1412 3973 peripateticum
1439 3892 1534 3957 inisse

357 3999 449 4065 facile
461 3999 585 4063 credam
596 4016 612 4062 e
625 3997 745 4062 duobus
756 4014 827 4078 quae
837 3998 918 4063 inira
930 3999 1111 4064 citabuntur
1122 4000 1302 4079 fragmentis
1311 4001 1356 4081 (x.
1373 4018 1405 4081 p.
1417 4001 1534 4081 trs-tt),

357 4114 392 4172 ut
406 4107 461 4188 qui
475 4106 550 4170 hinc
565 4106 824 4188 Theophrastum,
841 4105 930 4170 illinc
949 4106 1159 4186 Aristotelem,
1175 4114 1319 4172 auctores
1342 4109 1533 4174 adhibuerit.

390 4268 421 4334 (1)
433 4270 475 4318 «E
492 4265 600 4329 Laertio,
616 4267 655 4326 lli,
674 4273 713 4330 77,
730 4265 896 4318 demonstrari
911 4268 991 4330 possit
1011 4282 1069 4318 eum
1088 4267 1166 4318 luisse
1189 4270 1275 4320 stoicis
1295 4269 1456 4332 intensum·
1476 4285 1536 4334 ergo

358 4345 544 4404 academicum
561 4344 598 4394 sic
612 4341 778 4406 Mietzschius,
791 4359 814 4407 p.
827 4348 883 4394 205.
896 4371 926 4382 -
938 4345 967 4394 ln
980 4346 1025 4395 hoc
1041 4345 1175 4395 laertiano
1187 4347 1250 4407 loco,
1262 4347 1306 4396 ubi
1323 4347 1441 4410 Diogenis
1452 4343 1536 4410 cynici

359 4437 425 4472 mors
453 4423 580 4481 narratur,
611 4421 773 4472 Antisthenes
802 4435 828 4470 se
857 4421 962 4471 minime
994 4422 1144 4471 benevolum
1171 4424 1267 4484 praebet
1291 4423 1388 4486 cynicis
1416 4421 1536 4488 Diogenis

360 4497 502 4560 discipulis.
518 4496 597 4560 Satyri
615 4501 701 4546 autem
721 4497 753 4547 de
771 4500 907 4548 eademne
926 4497 1036 4547 narratio
1057 4498 1107 4561 lap.
1123 4499 1150 4550 G.
1166 4499 1323 4560 Muellerum,
1341 4505 1360 4549 t.
1380 4501 1420 4560 ill,
1438 4514 1461 4563 p.
1480 4500 1536 4562 660)

358 4574 492 4624 humanior
503 4576 541 4623 est
551 4588 557 4623 :
569 4587 629 4636 ergo
641 4575 734 4623 stoicus
745 4573 823 4622 luerit
834 4574 947 4636 Satyrus,
958 4573 980 4622 si
992 4572 1127 4624 Mietcschii
1138 4575 1219 4625 instar
1229 4575 1403 4638 argumentari
1415 4576 1535 4638 velimus3

355 4648 537 4713 peripateticus
558 4653 643 4700 eutem
667 4649 733 4700 erat!
753 4649 934 4713 peripateticus
954 4665 1054 4713 quoqne
1069 4651 1230 4714 Merinippus,
1250 4652 1294 4714 qui
1313 4653 1345 4701 de
1363 4651 1536 4715 peripateticis

357 4725 503 4777 maledixit!
516 4727 634 4776 Abutitur
645 4725 748 4788 quidem
759 4725 915 4776 Mietnschius
930 4728 978 4776 hac
995 4728 1096 4790 vulgata
1113 4727 1261 4778 sententia:
1279 4727 1420 4778 amicorum
1439 4731 1535 4778 nostro-

357 4817 414 4852 rum
432 4808 460 4854 ut
478 4801 572 4853 amicos
590 4815 715 4861 amamus,
733 4802 769 4854 ito
788 4800 887 4853 odimus
905 4801 1035 4864 inimicos,
1057 4805 1168 4867 proiecto
1190 4802 1284 4854 licebat
1303 4804 1329 4854 iu
1350 4808 1428 4856 stoica
1450 4805 1535 4854 schola

360 4878 460 4942 cynicos
472 4879 600 4930 interdum
611 4879 731 4929 irridere.
