3622 5708
304 1414 466 1506 Diogenis
501 1413 626 1484 Laetili
662 1414 757 1507 operi
793 1416 852 1480 Bior
887 1427 938 1481 καὶ
974 1427 1089 1507 γνῶμαι
1123 1427 1182 1482 τῶν
1211 1423 1240 1482 ἐν
1271 1418 1426 1513 φιλοσοφίᾳ

254 1530 508 1623 εὐδοκιμησάντων
548 1530 711 1624 inscripto
753 1530 816 1600 viri
855 1531 947 1602 docti
983 1530 1189 1625 jampridem
1228 1533 1426 1606 omnimodo

254 1648 470 1732 studuerunt,
490 1655 528 1719 ut
546 1646 720 1741 praecipuo
739 1643 836 1718 nobis
853 1647 896 1718 de
914 1647 1075 1720 universa
1094 1648 1292 1720 Graecorum
1318 1650 1427 1744 philo-

255 1764 374 1858 sophia
393 1765 568 1836 thesauro.
590 1763 700 1855 Hujus
719 1769 832 1834 autem
847 1765 992 1835 fontium
1006 1763 1229 1860 inquisitioni,
1247 1788 1327 1860 quae
1343 1768 1425 1838 tanti

256 1881 418 1952 momenti
430 1886 482 1951 est
497 1879 539 1951 ad
554 1879 771 1952 statuendam
785 1880 873 1951 illius
886 1880 1071 1952 inconditae
1080 1890 1381 1954 monumentorum
1392 1891 1427 1954 et

255 1997 585 2070 narratiuncularum
599 1995 782 2089 farraginis
791 1997 1044 2081 auctoritatem,
1054 2019 1196 2090 operam
1206 1999 1427 2093 nuperdede-

254 2111 1426 2206 runtdiligentissimieteruditissimiiuterGermanosQuibustamen

255 2229 589 2324 praecipualuitcura
599 2228 775 2323 proximos
786 2229 934 2322 primum
944 2230 1068 2300 Laertii
1079 2235 1250 2314 auctores,
1263 2231 1337 2302 illos
1350 2231 1426 2304 dieo

254 2368 341 2443 quos
350 2345 845 2440 ipselegeratetexcerpserat,
854 2343 933 2415 dein
943 2343 1064 2422 horum
1078 2353 1257 2417 auctorum
1268 2356 1427 2420 auctores

252 2464 428 2554 detegere,
445 2468 549 2557 atque
563 2461 621 2543 ila,
640 2460 788 2564 lontibus
801 2461 900 2532 altius
915 2466 1018 2560 atque
1033 2461 1133 2534 altius
1147 2463 1313 2556 repetitis,
1327 2467 1427 2560 quasi

252 2603 271 2652 e
302 2582 407 2674 stirpe
437 2579 606 2672 genuinos
636 2577 828 2650 Laertiauae
854 2577 1103 2670 compilationis
1130 2581 1279 2670 majores
1309 2602 1427 2673 regre-

252 2695 375 2769 diendo
394 2697 535 2766 relerre.
557 2693 625 2766 Sibi
640 2694 805 2788 imprimis
819 2693 1033 2766 Nietzschius
1048 2697 1126 2766 talia
1137 2696 1275 2767 molitus
1290 2697 1425 2768 laudem

252 2811 375 2883 meruit
415 2811 508 2883 haud
549 2809 776 2896 mediocrem
815 2807 888 2892 sed,
927 2816 1090 2903 quantam
1127 2811 1253 2902 ingenii
1290 2811 1424 2883 laudem

248 2929 425 3011 retulerat,
452 2933 582 2999 tantam
606 2927 705 2998 simul
732 2927 866 3020 accepit
892 2949 912 2998 a
941 2927 1065 2998 ceteris
1086 2925 1280 2999 Germaniae
1302 2927 1427 3001 criticis

249 3043 487 3126 offensionem,
508 3044 583 3136 ejus
600 3042 790 3115 disserendi
809 3050 845 3114 et
866 3042 1093 3115 concludendi
1111 3045 1279 3115 rationem
1298 3035 1427 3139 vitupe-

253 3159 423 3244 rantibus3
454 3159 546 3232 unde
571 3160 661 3231 clare
688 3159 861 3253 apparuit,
888 3165 923 3230 et
944 3180 1022 3231 eum
1048 3159 1140 3254 quod
1163 3181 1232 3231 nou
1257 3159 1427 3232 obtineret

253 3276 503 3359 attrectavisse,
528 3281 563 3346 et
587 3274 710 3346 indicia
735 3274 856 3346 deesse
878 3275 913 3344 in
936 3274 1099 3366 Diogenis
1116 3276 1241 3346 Laertii
1259 3276 1427 3370 scriptura

254 3392 377 3489 quibus
401 3391 541 3464 enodari
569 3389 676 3484 possit
700 3373 963 3463 La'ertianorum
999 3391 1143 3462 lentium
1177 3390 1362 3484 indagatio,
1399 3396 1426 3464 si

252 3509 355 3582 modo
374 3510 420 3580 ita
436 3514 475 3580 ut
491 3507 640 3578 diximus
657 3504 798 3577 definita
817 3507 859 3577 sit
878 3512 913 3578 et
930 3507 1128 3578 constituta.

303 3626 430 3712 Quare,
455 3623 613 3695 eamdem
637 3621 895 3718 inquisitionem
923 3630 999 3717 post
1025 3623 1096 3695 Val.
1124 3623 1285 3708 Roseum,
1314 3623 1428 3696 Babu-

253 3742 398 3825 schium,
441 3739 685 3823 Nietzschium,
727 3738 1051 3823 Fraudemhalium,
1082 3741 1288 3834 Roeperum,
1326 3742 1424 3828 alios

255 3858 424 3954 repetenti
448 3857 531 3928 mihi
555 3855 667 3929 visum
694 3856 756 3927 luit
783 3877 908 3928 novam
939 3857 973 3927 in
994 3857 1232 3950 investigando
1259 3859 1426 3931 rationem

254 3975 447 4070 eligendam
465 3996 555 4048 esse.

306 4093 343 4161 l⁰
361 4091 542 4163 Prudentis
565 4091 669 4163 critici
695 4103 771 4163 esse
793 4091 954 4185 opinatus
980 4113 1056 4162 sum
1075 4098 1180 4163 totam
1200 4093 1427 4186 quaestionem

255 4210 428 4280 incertas
457 4214 573 4302 partes
600 4208 648 4279 ita
677 4207 893 4278 dividerent
920 4228 1069 4303 quaeque
1097 4229 1175 4302 pars
1203 4210 1333 4282 facilius
1363 4211 1427 4282 alia

256 4332 333 4420 post
354 4326 455 4397 aliam
481 4332 660 4419 perspecta
686 4323 901 4419 expediatur.
932 4323 1068 4395 Nostrae
1095 4333 1209 4396 autern
1237 4327 1427 4420 partitionis

255 4443 424 4515 rationem
449 4442 522 4536 ipsa
552 4438 728 4534 praebebat
752 4440 877 4511 Laertii
905 4439 1085 4534 scriptura,
1114 4441 1241 4537 inqua
1271 4465 1428 4538 persaepe

254 4559 390 4630 diversa
407 4562 611 4650 argumenta
628 4556 700 4626 sive
713 4554 874 4627 brevibus
892 4555 1124 4628 commissuris
1137 4557 1209 4628 sive
1226 4560 1427 4631 transituum

254 4678 328 4773 ipsa
354 4675 469 4770 iuopia
493 4674 581 4747 sicce
607 4674 896 4745 discriminantur.
926 4673 997 4746 Hac
1024 4675 1178 4747 materiae
1206 4676 1428 4771 dispositione

255 4793 353 4890 quasi
395 4790 571 4876 admoniti,
613 4788 872 4885 quatuordecim
913 4790 1163 4883 indagationes,
1206 4793 1356 4888 alioquin
1395 4805 1430 4866 et
