3622 5708
835 576 993 639 ,ῃ-

321 707 490 790 aptissima,
506 725 604 789 quum
615 714 646 771 et
656 708 836 772 Aristoteles
848 709 1070 789 tragoediaruur
1082 716 1113 771 et
1127 709 1351 774 comoediarum
1367 707 1496 772 Athenis

322 821 461 880 actarum
483 819 668 892 διδασκαλίας
691 817 800 880 ordine
823 819 984 897 coegisset,
1007 824 1037 880 et
1057 817 1255 881 Dicaearchus
1277 821 1421 892 ὑποθέσεις
1440 825 1496 878 τῶν

320 927 499 1006 Σοφοκλέους
523 925 570 986 καί
591 926 737 1007 Εὐριπίδου
762 929 854 1003 μύθων
879 924 926 998 (C.
950 924 1128 1002 diuellerttS,
1150 931 1172 988 l.
1194 925 1228 1002 ii,
1252 943 1284 1005 p.
1307 925 1379 1002 δῖοί)
1402 921 1496 1003 scrip·

321 1032 424 1108 sisset3
446 1039 564 1096 ceteros
579 1038 684 1113 poetas
700 1040 730 1095 et
750 1032 917 1114 scriptores
933 1033 1042 1096 eodem
1058 1032 1168 1096 ordine
1185 1033 1352 1114 disponere
1367 1049 1417 1094 res
1431 1037 1498 1094 erat

323 1140 447 1206 subtilis
463 1157 547 1204 curae
561 1138 690 1231 etlougi
707 1139 835 1216 laboris,
856 1139 1090 1221 «periculosum
1105 1155 1183 1221 opus
1196 1146 1226 1202 et
1236 1139 1365 1221 plenum
1378 1138 1454 1202 aleae
1464 1158 1495 1214 »3

324 1249 408 1328 quod
421 1247 546 1328 aggredi
562 1247 664 1311 lorsau
677 1246 887 1312 Callimachus
898 1246 1063 1318 recusavit,
1077 1245 1233 1310 historicis
1244 1245 1499 1310 annotationibus

323 1355 475 1420 Zenodoti
500 1353 656 1434 catalogos
681 1355 865 1437 explanasse
889 1354 962 1417 satis
986 1355 1105 1418 hahens
1129 1361 1160 1416 et
1183 1353 1340 1436 praecipua
1363 1353 1497 1416 vitarum

265 1521 267 1526 .
318 1471 469 1544 tempora,
486 1481 556 1544 que
571 1462 757 1526 testimoniis
773 1469 915 1526 constare
929 1461 1062 1542 legendo
1078 1461 1215 1540 viderat,
1232 1464 1403 1526 nutavisse.

217 1643 219 1648 ,
363 1571 454 1645 erod
468 1570 494 1633 si
509 1571 696 1652 probaretur
710 1571 786 1633 ordo
802 1572 876 1632 κατὰ
889 1575 1018 1653 χρόνους,
1032 1568 1093 1644 diei
1109 1576 1212 1650 posset
1224 1587 1301 1649 opus
1313 1567 1497 1633 Callimachi

220 1723 222 1728 -
324 1681 390 1743 lora
406 1678 488 1742 idern
505 1678 599 1742 fuisse
614 1683 707 1757 atque
722 1680 857 1760 διαδοχὰς
870 1686 925 1740 τῶν
941 1679 969 1739 ἐν
984 1681 1060 1760 παίσῃ
1080 1680 1191 1763 παιδείᾳ
1214 1681 1446 1758 διαλαμψοίυτωκ,
1469 1682 1501 1738 et

324 1786 516 1868 peculiarem
539 1787 698 1869 ἀναγραφὴν
718 1794 772 1848 τῶν
792 1787 951 1868 φιλοσόφων
972 1783 1162 1866 principium
1179 1784 1273 1847 fuisse
1293 1787 1431 1867 διαδοχῶν
1446 1794 1500 1848 τῶν

326 1897 486 1977 φιλοσόφων
501 1891 655 1974 posterius
670 1892 923 1973 compositarum.
941 1892 1002 1955 Sed
1013 1909 1120 1956 revera
1134 1891 1290 1956 nescimus
1301 1892 1371 1972 quis
1383 1891 1502 1973 primus

323 2001 525 2084 philosophos
536 2000 733 2064 distribuerit
746 2000 920 2064 secuudum
935 2000 1090 2078 temporis
1103 1999 1259 2079 ordinem,
1272 1999 1325 2080 qui
1339 2001 1403 2063 lere
1415 1999 1502 2062 idem

325 2115 478 2188 astatque
494 2107 690 2188 cognationis
705 2110 793 2172 ordo.
814 2109 895 2172 Sane
910 2107 952 2171 ita
968 2107 1126 2172 ordinavit
1141 2107 1344 2188 philosophos
1359 2105 1502 2188 Hermip-

323 2234 381 2298 pus
406 2215 633 2281 Callimacheus
640 2237 649 2292 3
673 2222 779 2280 utrum
800 2232 875 2278 vero
898 2215 1017 2296 primus
1036 2213 1090 2278 ille
1105 2213 1310 2294 ordinaverit,
1327 2230 1367 2278 an
1383 2212 1501 2277 viama

324 2323 471 2402 magistro
489 2321 593 2386 tritam
609 2322 858 2404 perlustraverit,
873 2322 1075 2401 ignoramus.
1097 2407 1101 2414 .

367 2431 432 2494 Hoc
448 2435 569 2494 tautum
583 2429 712 2509 scimus,
727 2429 954 2494 Callimachum
969 2429 1002 2492 iu
1018 2429 1242 2492 commentario
1258 2429 1296 2492 de
1306 2427 1504 2509 philosophis

327 2538 503 2603 testimonia
526 2537 688 2618 collegisse
708 2538 747 2601 de
767 2555 877 2602 eorum
896 2536 1008 2600 studiis
1027 2553 1062 2600 ac
1083 2535 1260 2616 magistris:
1281 2537 1326 2597 sio
1347 2535 1433 2598 eninr
1454 2540 1502 2598 τοῦ

327 2651 520 2729 Πυθαγορικοῦ
532 2649 728 2710 διδασκαλείου
742 2649 932 2725 μεταλαόόυτε
946 2645 1131 2708 dicebantur
1142 2645 1342 2709 Parmenides
1356 2644 1504 2726 magister

327 2765 357 2818 et
384 2754 466 2818 Zeno
496 2753 669 2835 discipulus
696 2754 761 2833 ejus
790 2753 940 2833 (Procius,
969 2755 1002 2816 in
1028 2751 1244 2848 Parmenidpm
1274 2753 1421 2832 Platonis,
1450 2755 1501 2818 ed.

329 2861 456 2938 Cousin,
478 2880 509 2944 p.
531 2861 576 2944 b);
592 2861 685 2925 -de
703 2862 834 2926 Eudoxo
853 2861 965 2926 Cnidio
988 2863 1055 2924 haeo
1077 2863 1244 2926 narrabat:
1269 2863 1304 2924 τὰ
1324 2864 1504 2944 γεωμετρικὰ

337 2968 460 3052 Ἀρχύτα
481 2971 622 3048 διήκουσε,
645 2971 681 3032 τὰ
696 2968 724 3031 δ’
740 2971 852 3052 ίατρικδι
867 2970 1055 3044 Φιλιστίωνος
1069 2976 1116 3032 τοῦ
1130 2967 1303 3035 Σικελιώτου
1318 2969 1366 3049 (D.
1381 2969 1416 3030 L.
1428 2969 1504 3048 Vili,

329 3076 1504 3158 86);-Lysimachumquemdamrheodoridoctrinisaddictumasserehat

329 3185 373 3266 (v.
386 3201 479 3265 supra
494 3202 525 3266 p.
541 3183 606 3265 ab).
631 3183 706 3258 Quae
727 3184 808 3264 loca,
834 3201 892 3248 uec
914 3202 978 3248 non
994 3185 1135 3264 quaedam
1153 3186 1292 3264 ejusdem
1306 3185 1429 3264 generis
1444 3184 1503 3249 alia

329 3309 533 3372 nequaquam
548 3292 587 3358 ad
602 3291 805 3374 philosophos
819 3293 1003 3374 spectantia,
1019 3293 1061 3356 ita
1076 3291 1348 3374 possuntintelligi
1361 3292 1506 3356 :videtur

328 3400 456 3480 quidem
471 3399 680 3464 Callimachus
695 3399 759 3464 suis
774 3407 936 3464 auctorum
949 3417 1118 3482 operumve
1132 3399 1292 3464 indicibus
1304 3399 1371 3463 siue
1384 3398 1506 3463 ratione

331 3514 362 3571 et
376 3525 432 3589 per
446 3514 583 3572 saturam
597 3507 753 3572 addidisse
767 3507 890 3572 diversa
905 3508 943 3571 de
958 3507 1031 3570 vitis
1046 3515 1100 3572 aut
1114 3509 1152 3571 de
1168 3508 1238 3571 aliis
1256 3509 1349 3571 rebus
1369 3506 1506 3570 testimo·

332 3614 397 3695 nia,
413 3633 452 3678 eu
462 3614 626 3696 permultis
641 3632 712 3696 quae
726 3614 852 3694 legisset
866 3615 956 3678 libris
970 3616 1084 3696 passim
1100 3615 1240 3680 collecta.
1257 3615 1393 3678 Videtur
1411 3613 1505 3678 etiam

257 3751 259 3756 ·
334 3729 477 3786 constare
487 3738 595 3786 veram
609 3720 708 3801 illam,
720 3723 836 3801 justam
851 3723 1035 3801 firmamque
1049 3723 1215 3796 rationem,
1233 3723 1273 3785 nh
1289 3721 1455 3786 Aristotele
1470 3739 1506 3786 ac

335 3830 547 3911 Theophrasto
574 3829 731 3909 traditam,
747 3836 823 3892 tuuc
842 3829 994 3911 temporis
1016 3829 1145 3893 omniuo
1168 3847 1234 3892 esse
1255 3830 1427 3909 desuetam,
1443 3847 1506 3892 non

333 3955 409 4002 saue
431 3938 514 4018 quod
540 3936 651 4001 attinet
676 3938 714 4001 ad
736 3943 900 4002 externam
919 3937 1004 4001 illius
1022 3937 1154 4001 rationis
1172 3937 1320 4018 speciem,
1341 3955 1454 4019 nempe
1469 3939 1507 4002 ad

333 4047 393 4109 hoo
421 4051 625 4109 monumenta
652 4043 842 4124 congerendi
868 4045 1019 4124 studium,
1043 4046 1096 4108 sed
1119 4045 1203 4125 quod
1225 4045 1337 4108 attinet
1361 4047 1397 4108 ad
1422 4044 1507 4109 illam

333 4152 446 4217 mentis
468 4152 534 4217 vim
559 4170 619 4232 qua
645 4153 867 4234 expenduntur
894 4160 925 4215 et
949 4153 982 4216 in
1012 4169 1111 4216 unum
1136 4170 1248 4234 corpus
1277 4161 1509 4234 componuntur

333 4269 550 4351 monumenta,
565 4262 604 4324 ad
618 4260 707 4324 illam
722 4259 948 4341 interpretandi
961 4277 996 4324 ea
1009 4268 1039 4322 et
1051 4261 1217 4324 ordinandi
1231 4267 1339 4324 artem.
1354 4260 1509 4324 Posterius

333 4387 408 4432 vero
419 4368 534 4432 sensim
549 4369 631 4450 apud
646 4368 874 4432 Alexandrinos
888 4369 996 4456 rursus
1010 4367 1111 4448 viguit
1122 4367 1277 4432 subtilitas
1285 4367 1415 4446 jndicii3
1433 4367 1508 4448 imo,

333 4483 402 4558 post
415 4493 515 4540 unum
529 4476 691 4554 saeculum,
711 4475 889 4539 Aristarcho
905 4474 1044 4555 vigente,
1059 4475 1194 4538 inarime
1217 4474 1342 4538 enituit.
1366 4474 1509 4539 Callima-

333 4584 410 4648 chus
424 4591 529 4648 autem
544 4591 575 4647 et
589 4583 681 4664 primi
696 4582 750 4662 qui
766 4591 835 4664 post
850 4582 941 4647 illum
954 4583 1103 4646 vixerunt
1117 4581 1282 4663 philologi,
1303 4588 1387 4646 recta
1407 4581 1510 4645 solum

335 4690 497 4754 voluntate
519 4689 669 4770 insignes,
691 4706 772 4770 saepe
795 4705 959 4754 erravere:
983 4690 1040 4770 sic,
1062 4697 1168 4754 contra
1190 4689 1374 4756 Callimachi
1389 4688 1510 4771 opiuio·
1569 4686 1572 4691 '
1667 4669 1670 4676 ¹

335 4815 422 4878 nem,
444 4798 634 4864 recentiores
656 4797 740 4861 iuter
762 4797 885 4862 criticos
905 4803 1024 4863 constat
1044 4798 1219 4878 genuinum
1237 4814 1303 4860 esse
1318 4796 1511 4862 Parmenidis
