3622 5708
904 605 1061 669 ..30-

399 740 617 821 Empedoclem
659 738 832 804 crediderat
871 739 1068 820 Pythagorea
1106 741 1220 805 scholae
1261 743 1375 808 arctius
1413 745 1571 811 addictum

400 864 493 928 quam
521 847 633 918 luerat,
655 845 818 910 bominem
841 846 1055 911 demonstrant
1079 849 1153 911 satis
1175 857 1260 914 recto
1282 850 1402 930 jndicio
1430 859 1571 916 utentem

400 971 458 1018 nee
495 962 611 1017 temere
654 952 851 1030 credulum:
881 955 956 1029 τίνες
991 954 1253 1035 Pythagoreorum
1285 959 1481 1036 hensestede
1510 959 1571 1024 εἴτε

398 1061 585 1140 Neanilles:
614 1063 665 1140 τὴν
698 1063 752 1144 γὰρ
781 1067 995 1144 περιφερομένην
1029 1065 1098 1146 πρὸς
1132 1066 1301 1144 Τηλαύγους
1329 1067 1492 1144 ἐπιστολήν,
1528 1067 1570 1130 ’ὁτι

399 1175 531 1254 μετέσχεν
550 1168 682 1234 Ἱππάσου
698 1169 744 1231 καὶ
760 1172 916 1252 Βροντίνου,
934 1171 972 1249 μὴ
987 1167 1057 1233 εἶναι
1072 1169 1229 1247 ἀξιόπιστον
1257 1173 1309 1253 (ir.
1332 1173 1382 1247 20,
1405 1190 1456 1254 ap.
1479 1174 1515 1236 D.
1534 1174 1569 1237 L.

397 1277 471 1357 Vlli,
487 1278 552 1358 bb).

435 1547 594 1631 Hermippl
609 1555 712 1628 aetate,
727 1547 948 1612 Alexandriam
963 1547 1051 1611 venit
1064 1549 1100 1613 ad
1117 1548 1221 1614 aulam
1246 1549 1404 1613 Ptolemaei
1426 1551 1568 1633 Philopa-

395 1657 469 1721 toris
483 1658 623 1721 Senarus
634 1656 765 1734 Stoicus,
779 1656 912 1720 Zenonis
923 1662 954 1719 et
966 1654 1124 1720 Cleanthis
1134 1655 1315 1738 discipulus.
1330 1657 1426 1721 Stoici
1439 1658 1566 1738 quidem

394 1764 1567 1848 alitpriortsaelatisusqueadchrysippumquaestioneshistoricasvidenmr

394 1872 624 1954 contempsisse,
640 1879 674 1936 ut
695 1879 823 1954 apparet
844 1890 882 1935 er
901 1889 1010 1936 eorum
1030 1871 1202 1936 Laertianis
1222 1871 1379 1936 indicibus
1398 1873 1564 1956 librorum,

393 1980 426 2044 in
450 1980 565 2060 quibus
586 1978 750 2059 doctrinae,
772 1978 969 2044 Aristotelico
997 1996 1096 2057 more,
1122 1979 1187 2042 sive
1209 1979 1479 2060 describebantur,
1499 1981 1565 2045 sive

393 2087 645 2152 coniciebantur.
666 2086 812 2168 Sphaerus
834 2094 953 2162 contra,
970 2087 1023 2166 qui
1042 2085 1110 2149 sine
1130 2086 1226 2151 dubio
1247 2104 1319 2151 cum
1337 2087 1415 2150 viris
1432 2088 1564 2153 Alexan-

392 2195 490 2259 drinae
504 2195 619 2258 scholae
634 2193 765 2258 eruditis
780 2194 1021 2257 consuetudines
1040 2192 1124 2270 lecit,
1139 2192 1364 2276 philosophicae
1378 2196 1564 2260 eruditionis

391 2301 515 2365 videtur
535 2301 629 2365 luisse
649 2300 743 2383 paulo
765 2300 1006 2364 studiosiorem:
1029 2301 1117 2380 cujus
1139 2316 1216 2382 opus
1237 2308 1299 2364 tres
1320 2301 1474 2366 librorum
1496 2303 1564 2387 Περὶ

391 2413 551 2492 Λυκούργου
577 2409 624 2471 καὶ
649 2413 817 2492 Σωκράτους
840 2425 915 2472 sane
940 2407 976 2470 ad
1002 2424 1105 2470 mores
1127 2405 1266 2472 manime
1289 2408 1446 2490 spectabat
1472 2416 1503 2472 et
1525 2411 1562 2473 ad

390 2531 495 2580 lerum
511 2514 651 2580 civilium
666 2514 845 2592 scientiam
861 2516 914 2578 sed
930 2515 1070 2593 ejusdem
1082 2515 1149 2598 ssepi
1160 2524 1214 2577 τῶν
1231 2514 1394 2599 Ἐρετρικῶν
1406 2519 1564 2600 φιλοσόφων

390 2621 471 2686 liber
498 2638 561 2686 non
590 2629 710 2704 poterat
744 2639 806 2686 non
841 2621 942 2686 multa
972 2620 1118 2703 perutilia
1146 2622 1185 2685 de
1214 2623 1345 2686 obscura
1374 2623 1427 2688 illa
1456 2624 1571 2687 schola.

390 2729 563 2794 continere.

426 3003 619 3066 Testamenta
642 3005 745 3064 autem
759 2998 1029 3081 philosophorum,
1045 2997 1119 3061 novi
1134 2997 1257 3078 generis
1279 3007 1495 3079 monumenta,
1526 3001 1559 3064 in

386 3115 530 3191 promptu
543 3110 657 3173 babere
670 3106 810 3170 historici
825 3107 882 3170 sub
898 3106 982 3170 idem
996 3115 1118 3186 tempus
1133 3105 1327 3187 inceperant.
1349 3107 1476 3172 Etenim
1491 3120 1559 3189 post

386 3207 1557 3296 PlatonemetAristotelem,philosophicaescholaedelinitalegeconstitutae

385 3331 470 3401 sunt,
486 3340 618 3404 quarum
633 3323 747 3402 cuique
766 3339 821 3386 sua
842 3321 942 3400 sedes,
958 3329 1052 3401 quem
1067 3321 1138 3401 jnre
1158 3321 1345 3402 possidebat,
1362 3328 1394 3386 et
1412 3324 1558 3404 magister

384 3433 439 3514 qui
452 3448 661 3496 successorem
675 3430 789 3512 saepius
805 3436 987 3494 testamento
998 3429 1192 3510 designabat,
1204 3430 1380 3495 studiorum
1392 3433 1557 3512 regiminis

382 3523 543 3605 heredem.
575 3539 650 3603 lnde
678 3537 767 3618 quasi
797 3535 970 3601 anthentici
999 3536 1113 3601 schole
1150 3537 1301 3618 cujusque
1336 3539 1556 3618 magistrorum

383 3648 517 3726 indices,
547 3645 705 3710 indicibus
734 3645 895 3725 cujusdam
923 3644 1052 3708 sacrarii
1087 3645 1283 3709 sacerdotum
1308 3652 1362 3709 aut
1393 3647 1554 3727 cujusdam

382 3754 469 3819 urbis
483 3753 719 3834 magistratuum
741 3752 870 3832 similes,
885 3758 916 3816 et
930 3769 1065 3833 quorum
1080 3753 1248 3816 auctoritas
1262 3769 1279 3816 e
1297 3753 1555 3837 philosophorum

379 3861 572 3927 testamentis
590 3862 749 3925 manebat.
768 3859 886 3933 Quibus
900 3877 918 3923 e
931 3860 1128 3924 documentis
1144 3859 1282 3924 collectis
1296 3861 1475 3927 describere
1489 3871 1556 3928 erat

380 3976 516 4034 externae
532 3967 659 4050 quidem
675 3974 828 4032 sectarum
843 3967 915 4031 vitm
929 3966 1104 4045 historiam,
1119 3967 1251 4048 minime
1265 3975 1371 4032 autem
1387 3970 1555 4035 sententia·

380 4095 449 4142 rnm
460 4085 491 4142 et
505 4077 697 4152 studiorum3
709 4075 823 4156 quippe
835 4075 970 4155 insignia
980 4075 1105 4138 nomina
1115 4075 1309 4156 praetermitti
1323 4093 1449 4141 necesse
1462 4086 1528 4142 erat
1545 4101 1551 4144 :

379 4202 481 4266 neque
501 4184 587 4249 enirn
607 4184 766 4247 Eudemus
789 4184 896 4263 'ayssaeo
918 4182 1054 4264 praefuit,
1076 4198 1178 4262 neque
1201 4183 1393 4247 Metrodorus
1417 4183 1552 4265 Epicuro

377 4291 524 4358 successit
537 4294 579 4372 (v.
594 4293 631 4355 b.
649 4291 684 4354 b.
701 4291 737 4365 X,
754 4289 824 4373 23);
840 4289 881 4353 ita'
896 4289 1020 4369 igiture
1033 4295 1116 4352 certa
1128 4287 1353 4354 cautionalium
1365 4289 1551 4355 tabellarum

377 4399 562 4466 auctoritate
590 4401 725 4481 διαδοχάς
752 4411 951 4478 componere,
979 4395 1011 4459 id
1040 4401 1106 4461 erat
1133 4395 1282 4461 historice
1323 4397 1427 4478 potius
1457 4414 1551 4478 quam

375 4506 591 4590 philosophice
625 4505 874 4587 philosophicam
901 4501 1064 4569 historiam
1096 4508 1239 4568 tractare.
1273 4503 1486 4570 Nihilominus
1513 4522 1550 4569 ea

375 4633 544 4696 congerere
569 4629 672 4695 operae
693 4611 830 4694 pretium
852 4616 931 4691 erat,
961 4627 996 4675 ac
1024 4609 1159 4675 nimium
1188 4609 1408 4676 desiderantur
1433 4612 1465 4675 in
1492 4613 1550 4678 hac

375 4740 469 4806 opera
483 4729 604 4788 veteres
621 4741 629 4784 ε
649 4721 762 4785 desunt
776 4718 860 4783 enim
881 4718 914 4782 in
933 4718 1064 4800 septimo
1080 4716 1195 4782 Laertii
1211 4716 1292 4783 libro
1311 4719 1499 4800 Stoicorum,
1514 4720 1546 4784 in

375 4840 485 4914 quarto
498 4828 757 4898 Academicorum
771 4826 914 4894 omnium
927 4832 997 4909 post
1012 4826 1172 4893 Platonem
1186 4832 1387 4906 testamenta;
1408 4845 1467 4894 nec
1485 4827 1547 4894 tale

1779 5549 1801 5660 l
