3622 5708
767 571 926 634 ..77-

269 706 352 771 tibus
366 704 545 785 auctoritas,
560 721 662 786 neque
682 705 726 769 eis
747 721 887 787 unquam
902 705 1011 768 merita
1030 705 1128 786 gratia
1148 707 1289 788 contigit.
1309 709 1438 792 Contra,

269 813 509 895 semperviguit,
526 821 561 877 ut
575 813 786 888 enchiridion,
804 813 940 878 Sotionis
956 832 1037 895 opus
1049 813 1207 879 mediocre
1222 833 1257 882 11
1268 823 1439 882 uetustum.

192 907 198 916 ¹
309 922 341 987 Si
375 923 461 1003 quis,
498 923 613 987 Laertii
651 923 859 1005 temporibus,
901 922 1049 987 eximiam
1084 923 1197 988 Graece
1235 925 1440 1009 philosophie

267 1029 430 1094 historiam
444 1029 580 1094 scribere
600 1029 762 1110 voluisset,
783 1047 856 1094 eum
879 1031 1040 1111 oportebat
1058 1029 1344 1096 Alexandrinorum
1358 1040 1389 1096 et
1403 1033 1441 1096 iis

268 1136 483 1202 emulantium
511 1155 603 1219 opera
633 1155 649 1201 a
679 1137 835 1219 principio
862 1143 1003 1222 repetere
1037 1155 1072 1201 ao
1099 1138 1225 1219 penitus
1254 1139 1438 1216 instaurare,

267 1245 396 1310 omnino
424 1245 574 1326 neglectis
601 1251 777 1327 temporum
805 1244 1017 1309 recentiorum
1046 1244 1276 1326 voluminibus,
1306 1248 1442 1330 exceptis

271 1361 374 1419 tamen
404 1357 516 1419 horum
550 1354 690 1436 partibus
718 1371 788 1434 quae
816 1353 852 1418 ad
888 1353 1090 1436 philosophos
1124 1360 1192 1436 post
1224 1355 1384 1420 Platonem
1411 1364 1442 1420 et

268 1463 464 1529 Aristotelem
480 1470 563 1528 ortos
577 1463 787 1545 pertinebant.
804 1461 1007 1526 Alexandrini
1023 1462 1109 1526 enim
1124 1462 1236 1544 critici,
1253 1480 1443 1544 quamquam

266 1571 363 1637 multa
378 1571 541 1652 sedulitate
556 1571 763 1654 philosophiae
781 1570 944 1635 historiam
965 1577 1179 1653 susceperant,
1199 1589 1260 1652 qua
1280 1578 1385 1636 mente
1407 1589 1442 1636 11

268 1680 389 1746 ratione
410 1675 607 1745 instituenda
623 1679 662 1744 sit
683 1680 880 1760 ignoravere.
894 1678 1009 1745 ludicii
1024 1679 1151 1759 quidem
1165 1679 1247 1761 apud
1262 1685 1381 1744 veteres
1396 1679 1444 1744 in-

268 1795 422 1854 crementa
444 1787 523 1853 alius
542 1787 665 1869 generis
684 1787 910 1868 questionibus
928 1787 1085 1869 proluere,
1100 1793 1276 1869 temporum
1296 1787 1444 1852 videlicet

270 1895 422 1959 notationi
442 1895 707 1977 etscriptur'arum
726 1894 922 1974 recensioni;
938 1912 1043 1959 rerum
1062 1911 1137 1959 vero
1156 1894 1443 1977 philosophicarum

269 2002 407 2067 historiae
443 2011 606 2084 nunquam
644 2002 759 2067 exstitit
795 2021 869 2068 suus
901 2002 1097 2067 Aristarchus
1135 2019 1248 2067 suusve
1280 2002 1441 2084 Didymus.

269 2109 434 2174 Difficilius
455 2109 548 2174 etiam
571 2109 684 2174 Laertii
699 2109 894 2192 temporibus
909 2117 963 2174 aut
983 2116 1052 2191 post
1074 2126 1146 2174 eum
1168 2116 1291 2191 optatus
1315 2109 1370 2173 ille
1394 2109 1444 2174 vir

270 2217 385 2282 exoriri
399 2225 520 2299 poterat
537 2235 661 2300 :neque
675 2217 761 2282 enim
775 2219 971 2296 Plutarchus,
982 2234 1084 2297 neque
1096 2219 1233 2299 proiecto
1244 2217 1442 2300 Porphyrius,

270 2341 373 2405 neque
387 2325 482 2390 etiam
497 2325 636 2406 insignes
650 2324 697 2389 illi
711 2324 888 2389 Aristotelis
909 2324 1104 2406 interpretes,
1123 2325 1145 2387 ii
1161 2331 1250 2390 erant
1263 2325 1317 2405 qui
1332 2325 1445 2391 melius

271 2431 441 2513 quidquam
460 2433 596 2497 Sotionis
620 2440 651 2496 et
675 2431 842 2515 Hippoboti
867 2431 1013 2513 operibus
1039 2434 1077 2497 de
1099 2432 1246 2497 universa
1266 2432 1443 2498 Graecorum

271 2541 466 2621 philosophia
486 2523 719 2622 componerent.
736 2541 829 2606 Nulla
850 2540 946 2622 igitur
968 2558 1107 2621 unquam
1128 2547 1218 2606 aetate
1239 2539 1444 2622 philosophie

271 2648 447 2712 Graecorum
468 2655 531 2714 tam
551 2649 714 2730 splendide
732 2649 930 2723 increscenti,
947 2657 1011 2714 tarn
1032 2650 1119 2714 varie
1137 2649 1272 2722 llorenti,
1289 2666 1364 2713 suus
1386 2649 1445 2713 luit

271 2755 393 2820 Graecus
421 2756 586 2822 historicus
612 2757 676 2839 ipsa
707 2775 779 2822 vere
802 2757 926 2838 dignus.
950 2758 983 2821 ln
1005 2774 1138 2837 summa,
1160 2756 1214 2822 illa
1238 2756 1445 2839 philosophiae

272 2863 400 2927 historia
434 2881 527 2944 quam
567 2872 794 2958 ppaesenserant
827 2872 857 2928 et
892 2866 1155 2930 adumbraverant
1190 2863 1370 2928 Aristoteles
1410 2882 1445 2929 ac

272 2971 513 3052 Theophrastus,
528 2971 665 3051 denique
684 2978 729 3034 est
743 2988 792 3035 res
811 2989 952 3054 opusque
972 2980 1086 3038 nostrae
1100 2971 1211 3052 aetatis,
1230 2971 1306 3053 imo,
1322 2978 1357 3037 ut
1370 2988 1445 3036 vere

272 3078 386 3158 dicam,
401 3079 530 3159 hujusce
545 3078 651 3142 saeculi
668 3099 677 3156 ;
697 3078 879 3160 nuperrime
898 3080 983 3144 enim
1002 3081 1106 3145 Graeca
1124 3078 1322 3162 philosophia
1342 3078 1444 3159 dignis

272 3185 485 3251 monumentis
508 3187 645 3268 primum
668 3187 821 3252 illustrata
842 3186 912 3267 luit,
931 3204 1001 3268 quae
1024 3187 1058 3252 in
1083 3205 1171 3254 suam
1195 3187 1294 3270 ipsius
1317 3185 1445 3254 laudem

273 3294 420 3359 extollere
438 3295 602 3360 nescierat.

419 3500 488 3559 Vidi
501 3519 537 3558 ac
546 3501 670 3575 perleui,

272 3624 357 3677 Lutet.
370 3625 451 3678 Petis.
464 3627 491 3677 in
502 3626 613 3679 Sorbone
624 3629 691 3694 prid.
704 3645 764 3680 non.
773 3629 823 3694 jul.
835 3645 876 3680 111.
891 3642 1060 3682 1111111111

397 3717 457 3769 Fac.
470 3716 561 3768 Litter.
574 3719 600 3768 in
613 3719 692 3770 Aead.
702 3718 785 3770 Paris.
798 3718 920 3772 decanus.

517 3833 559 3894 H.
579 3834 774 3898 WALLON.

1000 3946 1080 3997 Txrrs
1097 3959 1239 3996 1111111111
1251 3966 1256 3993 :

938 4060 1087 4118 Academia
1096 4061 1263 4114 Parecbasis
1274 4063 1370 4124 rector,

1033 4160 1218 4238 111111.
