3622 5708
749 593 788 602 ..
809 557 848 620 53
871 593 908 602 -

241 699 321 766 utar,
337 692 409 757 vide
424 691 473 771 lll,
487 691 538 770 ie,
553 689 779 772 discipulorum
798 689 935 754 Platonis
951 689 1101 772 indicem)
1116 691 1325 772 manifestam,
1342 700 1409 756 tum

242 799 407 880 omnigena
436 799 618 880 interposita
647 797 877 872 additamenta,
904 798 1064 863 Laertium
1093 805 1198 864 autem
1224 801 1409 882 plerumque
1451 821 1455 832 ¹
1577 791 1581 802 ’

243 914 384 971 auctores
418 923 490 971 suos
518 923 615 986 quum
642 905 716 970 talia
745 905 856 969 inserit
884 905 1057 980 nominare,
1088 907 1272 987 primarium
1301 915 1409 972 contra

242 1013 404 1078 summarii
432 1020 591 1078 auctorem
621 1012 712 1077 solito
741 1029 827 1076 more
856 1013 1011 1091 omittere,
1041 1012 1091 1076 cui
1122 1020 1225 1078 tamen
1254 1017 1409 1097 praecipua

242 1121 386 1186 debuerit
400 1121 453 1202 (ci.
469 1122 679 1203 Babnscb.,p.
692 1121 794 1200 iii-ii,
810 1121 933 1202 ibbo).
946 1120 1042 1201 Atqui
1052 1121 1145 1201 hujus
1156 1123 1316 1186 summarii
1327 1124 1410 1202 quod

242 1230 281 1293 ad
303 1228 520 1294 'successiones
549 1228 660 1292 attinet
687 1245 705 1292 e
730 1225 857 1292 Sotioue
885 1227 1012 1292 duxisse
1037 1245 1100 1292 non
1122 1229 1256 1308 gratuito
1285 1229 1409 1311 opinor.

242 1337 387 1416 Eiusdem
402 1337 489 1400 iliam
501 1345 621 1419 partem
635 1354 705 1417 quae
720 1343 766 1399 est
780 1335 818 1400 de
829 1335 902 1400 vitis
912 1355 929 1400 e
941 1337 1054 1402 Sarrae
1066 1337 1252 1402 ethurrcono
1265 1338 1410 1402 Ginrsrro

244 1444 443 1526 compilatam
458 1461 524 1508 esse
540 1461 603 1507 non
619 1444 765 1526 equidem
780 1445 992 1509 demonstrare
1007 1445 1179 1524 aggrediar,
1198 1445 1313 1528 quippe
1328 1447 1412 1526 quod

244 1569 261 1615 a
275 1552 433 1634 proposito
448 1569 518 1616 meo
533 1552 672 1617 alienum
687 1551 743 1629 sit;
759 1552 819 1615 hoc
829 1559 934 1617 tamen
946 1551 1120 1616 euindioiis
1130 1553 1264 1618 fidenon
1275 1552 1413 1634 indignis

244 1659 318 1723 iicet
333 1661 500 1740 conjicere.

283 1849 307 1911 Ε
326 1848 441 1913 nostris
460 1849 723 1931 disputationibus
742 1849 885 1931 apparuit
898 1848 985 1929 parvi
1001 1849 1151 1912 momenti
1169 1849 1262 1913 luisse
1278 1848 1415 1913 Sotionis

246 1955 342 2038 ipsius
370 1955 551 2020 historicam
579 1957 1027 2037 auctoritatem,.quamquam
1054 1975 1131 2038 opus
1159 1957 1244 2022 illius
1269 1957 1415 2040 operibus

245 2079 342 2142 quum
356 2051 631 2146 peripateticorum
651 2071 717 2128 tuin
743 2063 937 2144 Callimachi,
960 2065 1134 2146 Hermippi,
1157 2065 1303 2145 aliorum,
1328 2083 1416 2147 para·

244 2178 310 2233 tum
326 2178 392 2234 erat
407 2179 437 2234 et
452 2171 540 2252 quasi
558 2171 754 2254 expeditum3
770 2173 824 2236 sed
839 2172 1035 2236 alexandrini
1051 2172 1415 2253 grammaticiingeuium

245 2279 348 2360 potius
362 2296 457 2359 quam
471 2278 612 2344 historici
627 2296 701 2344 vere
725 2279 903 2362 philosophi
926 2275 1130 2344 conficiendis
1149 2283 1304 2363 Διαδοχαῖς
1329 2280 1416 2344 adhi-

204 2469 207 2474 .
245 2387 368 2450 buerat.
384 2385 546 2468 Duplicem
560 2393 663 2450 tamen
680 2387 739 2450 sibi
752 2386 878 2463 laudem
891 2387 1004 2452 merito
1021 2388 1136 2451 retinet
1152 2407 1159 2448 :
1185 2389 1216 2451 l⁰
1232 2387 1347 2469 quippe
1362 2387 1416 2468 qui

247 2501 312 2557 tum
328 2494 430 2557 omnis
444 2494 567 2574 generis
582 2493 758 2558 testimonia
769 2493 964 2576 jamscriptis
975 2495 1120 2560 mandata
1134 2493 1337 2574 ordinaverit,
1352 2501 1417 2558 tum

245 2601 357 2664 seriem
384 2601 642 2684 philosophorum
676 2620 775 2683 usquo
811 2603 848 2667 ad
883 2619 972 2666 suam
1007 2608 1128 2666 aetatem
1164 2602 1415 2680 continuaverit;

246 2709 278 2769 (Σο
299 2707 382 2773 idem
412 2714 442 2772 et
469 2727 539 2790 quae
566 2710 607 2772 sit
634 2708 751 2774 utilitas
784 2710 817 2773 iu
849 2716 956 2775 notata
985 2710 1198 2774 doctrinarum
1230 2709 1416 2791 cognatione

247 2816 448 2891 intellexerit,
465 2835 499 2880 ao
513 2816 632 2898 primus
645 2817 683 2881 de
698 2835 732 2881 re
747 2817 800 2881 illa
816 2835 893 2898 opus
908 2818 1065 2898 quoddam
1081 2823 1178 2882 totum
1194 2823 1223 2880 et
1236 2823 1305 2899 apte
1317 2817 1417 2882 cobae-

247 2941 318 2986 rens
336 2923 502 3005 scripserit.
521 2924 638 2987 Harum
658 2924 822 3004 virtutum,
842 2933 877 2988 ut
895 2933 1020 3008 propter
1037 2925 1175 3006 priorem
1196 2941 1260 2988 non
1281 2930 1418 2988 contem·

248 3033 387 3110 nendus,
435 3031 475 3096 ita
512 3033 682 3113 posteriore
721 3033 820 3112 magis
857 3033 1115 3097 commendabilis
1151 3031 1236 3098 Sotio
1272 3032 1417 3112 uidetur,

247 3131 448 3220 quamquam,
464 3146 499 3203 ut
521 3139 553 3202 iu
575 3157 694 3204 summa
714 3139 828 3220 dicam,
849 3140 930 3203 nihii
955 3140 1162 3223 philosophici
1187 3141 1218 3204 iu
1237 3157 1330 3222 opere
1352 3141 1418 3221 ejus
1480 3182 1487 3191 -

248 3246 414 3321 eminebat,
433 3246 493 3311 nisi
510 3246 618 3312 titulus
632 3247 697 3329 ipse
713 3247 955 3330 etpropositum.

705 3551 965 3568 m

743 3814 865 3880 curor
885 3815 925 3878 ur
1047 3820 1050 3825 ·
1112 3777 1113 3782 ‘

297 3996 349 4056 ne
369 3997 585 4069 Philotimo,
605 4010 671 4056 nec
690 4000 824 4058 nonde
844 3999 1082 4069 peculiarium
1101 3999 1373 4059 successionum

708 4096 965 4168 scriptoribus

290 4264 323 4327 ln
356 4263 543 4344 quibusdam
574 4270 678 4330 autem
707 4265 868 4347 operibus,
896 4265 1010 4347 quibus
1045 4267 1154 4331 titulus
1182 4267 1357 4332 alius'erat
1385 4285 1420 4331 ac

251 4374 398 4453 Διαδοχαί,
427 4378 482 4438 aut
508 4371 628 4453 eadem,
658 4379 712 4437 aut
738 4372 847 4439 saltem
874 4373 985 4438 similis
1010 4372 1179 4456 aliquando
1204 4381 1333 4442 tractata
1362 4374 1422 4439 luit

251 4477 394 4542 materia.

290 4677 373 4742 inter
393 4693 463 4757 quae
485 4679 630 4759 ponenda
652 4679 812 4742 Pariorum
832 4678 977 4760 Epicurei
998 4683 1016 4758 ἡ
1036 4689 1092 4743 τῶν
1108 4683 1265 4764 φιλοσόφων
1282 4683 1418 4762 σύνταξις,

253 4787 340 4864 cujus
362 4785 502 4850 Laertius
516 4786 568 4867 (x,
583 4787 614 4868 3)
629 4787 786 4858 decimum
804 4787 951 4855 uolumen
966 4789 1232 4870 commemoravit,
1247 4789 1420 4871 iipicureis,
