3622 5708
874 607 1031 670 ..34-

370 721 533 807 hominurn
560 715 765 807 litteratorum
781 747 874 830 ‚aptae
904 749 987 818 sunt,
1016 742 1042 804 si
1069 742 1209 821 magistri
1232 741 1372 806 doctrina
1394 757 1536 804 sermone

368 850 517 915 tradenda
532 849 584 928 sit,
599 849 681 929 quod
697 865 772 914 sane
786 849 821 910 lit
835 848 868 912 in
883 847 997 911 scholis
1013 847 1273 930 philosophorum
1283 865 1318 914 ac
1331 847 1536 922 rnedicurum3

367 955 411 1020 sic
426 955 511 1020 enim
527 955 639 1020 citatur
652 959 782 1038 Σωρανὲς
797 957 825 1018 ἐν
841 961 905 1031 ταῖς
919 964 973 1018 τῶν
988 956 1088 1039 ἰατρῶν
1103 958 1249 1036 διαδοχαῖς
1261 955 1371 1038 (schol.
1389 954 1537 1034 Oribasii‚

368 1080 417 1146 ap.
439 1063 473 1127 C.
496 1063 692 1141 Muellerum,
709 1069 731 1125 t.
747 1063 795 1141 lll,
810 1080 841 1143 p.
859 1046 923 1140 tibh
939 1061 1032 1125 scribi
1048 1078 1173 1142 quoque
1188 1064 1334 1143 potuisset
1350 1065 1468 1144 διαδοχὴ
1483 1057 1537 1124 ’τῶν

368 1175 503 1256 ῥητόρων,
517 1177 619 1251 ‘quam
636 1177 719 1234 certe
735 1169 975 1234 adumbraverat
991 1169 1186 1250 Hermippus;
1204 1170 1257 1233 sed
1273 1167 1403 1231 minime
1417 1172 1537 1231 constat

366 1277 495 1366 scriptas
516 1277 609 1342 luisse
629 1279 709 1359 apud
733 1285 855 1340 veteres
876 1279 1011 1358 διαδοχὰς
1026 1285 1081 1338 τῶν
1097 1278 1241 1360 ἱστορικῶν
1255 1274 1305 1338 xel
1325 1285 1380 1338 τῶν
1399 1284 1535 1354 coracem

367 1385 420 1447 vix
443 1363 536 1448 etiam
559 1392 729 1467 potuerunt
751 1383 915 1464 exstitisse,
938 1382 1094 1463 siquidem
1114 1383 1220 1447 nullus
1241 1382 1302 1447 luit
1315 1382 1381 1446 ullo
1398 1389 1536 1463 temporo

366 1492 513 1572 magister
526 1492 580 1572 qui
595 1493 626 1554 vi
643 1491 764 1573 poetica
779 1491 948 1572 discipulos
963 1490 1092 1567 albarch
1109 1508 1158 1554 ars
1173 1498 1277 1555 autem
1291 1488 1438 1554 historica
1454 1489 1536 1570 apud

366 1606 489 1664 veteres
503 1598 634 1662 minime
649 1599 831 1676 docebatur,
846 1605 876 1661 et
890 1597 973 1660 inter
986 1615 1102 1678 graecos
1118 1597 1293 1675 historicos,
1316 1596 1371 1676 qui
1394 1595 1447 1661 alii
1470 1603 1538 1676 post

367 1706 445 1770 alios
465 1713 528 1770 tam
549 1705 637 1770 multi
661 1706 819 1785 exstitere,
848 1705 1077 1771 aemulabantur
1099 1705 1242 1786 juniores
1263 1704 1433 1787 prioribus,
1458 1719 1537 1784 quos

366 1793 495 1893 quidem
509 1811 662 1896 legerant,
679 1830 741 1878 non
757 1812 933 1878 audierant.

405 2009 472 2092 tam
500 2045 562 2108 quo
587 2027 696 2094 ordine
725 2027 771 2091 illi
800 2031 938 2110 διαδοχῶν
966 2027 1131 2110 scriptores
1163 2026 1215 2092 alii
1246 2025 1323 2091 alios
1356 2026 1537 2107 exceperint

366 2131 606 2216 exquirendum.
786 2221 790 2228 .

406 2244 490 2308 Sorxo
504 2243 572 2325 quis
588 2251 618 2307 et
633 2245 734 2325 qualis
746 2245 853 2324 tuerit,
869 2261 930 2325 qua
948 2250 1036 2310 aetate
1051 2242 1176 2321 vixerit,
1193 2259 1303 2323 parum
1323 2249 1453 2322 constat,
1475 2242 1534 2305 nisi

365 2352 448 2431 quod
476 2368 549 2416 eum
577 2351 823 2417 Alexandrinum
858 2352 984 2416 natione
1016 2350 1110 2415 luisse
1143 2366 1200 2413 nos
1229 2356 1337 2414 monet
1368 2349 1537 2414 Athenaeus

364 2460 424 2538 (li,
439 2478 470 2542 p.
490 2460 545 2525 lca
560 2462 601 2542 e).
623 2461 825 2526 Alexandrini
846 2460 982 2525 Sotionis
1002 2460 1134 2524 alterum
1155 2476 1232 2540 opus
1251 2459 1317 2542 [lapi
1335 2467 1389 2522 τῶν
1409 2462 1537 2540 Τίμωνος

365 2569 527 2632 Σίλλωνωῑν
539 2567 689 2633 itthenaeo
701 2576 892 2634 memoratur
902 2569 1029 2651 (Vlll,p.
1040 2567 1099 2631 336
1106 2567 1151 2648 d),
1168 2565 1221 2647 qui
1235 2565 1343 2629 titulus
1358 2567 1437 2630 mire
1448 2568 1537 2631 decet
1628 2543 1639 2566 ’

365 2675 545 2756 scriptorem
574 2683 714 2740 nostrum
742 2676 948 2758 philosophiae
966 2676 1175 2750 historicum,
1209 2674 1359 2754 quoniam
1386 2674 1474 2738 'limo
1502 2675 1535 2738 in

365 2782 449 2850 Sillis
478 2784 679 2866 philosophos
709 2801 816 2848 omnes
846 2785 1050 2848 enumerabat
1073 2791 1103 2846 et
1133 2782 1278 2846 convitiis
1307 2782 1534 2860 insectabatur3

364 2889 443 2954 illud
467 2891 562 2970 igitur
586 2894 625 2956 de
653 2891 783 2956 Timone
812 2892 1071 2956 commentarium
1101 2890 1362 2983 complementum
1392 2896 1459 2955 erat
1483 2898 1536 2955 aut

364 2999 551 3079 procamium
568 2999 696 3065 alterius
717 3000 856 3064 Sotionei
872 2999 974 3082 operis
989 2999 1124 3081 Διοδοχοιὶ
1138 3008 1192 3063 τῶν
1207 3001 1364 3084 ριλοοορων
1381 2997 1534 3080 inscripti.

364 3107 537 3188 Utrumque
565 3125 642 3190 opus
677 3108 834 3199 aptissime
863 3107 1009 3172 convenit
1039 3123 1110 3170 cum
1139 3123 1271 3187 persona
1307 3106 1422 3170 eruditi
1455 3107 1536 3171 inter

364 3214 590 3279 Alexandrinos
608 3215 680 3294 viri,
701 3216 891 3281 Callimacho
913 3224 944 3280 et
964 3215 1134 3296 Hermippo
1150 3214 1342 3291 aemulantis3
1365 3214 1447 3278 liber
1462 3232 1534 3278 vero

365 3323 403 3386 de
418 3323 502 3387 Sillis
517 3341 589 3387 cum
605 3323 657 3388 tali
673 3341 803 3406 persona
824 3323 929 3387 minus
951 3322 1118 3386 conveniat
1135 3321 1161 3386 si
1179 3321 1287 3386 Vossio
1304 3321 1535 3387 consentiamus

365 3430 505 3512 opinanti
521 3431 680 3495 Sotionem
699 3432 757 3495 sibi
777 3430 971 3512 proposuisse
990 3430 1115 3494 obviarn
1134 3430 1180 3494 ire
1199 3429 1337 3494 Timonis
1356 3428 1534 3510 calumniis,

365 3521 448 3618 quod
474 3545 508 3603 ut
535 3556 645 3619 parum
676 3539 848 3603 verisimile
877 3546 932 3614 est,
963 3538 1005 3603 ita
1038 3538 1134 3602 nullis
1167 3539 1368 3602 consumatur
1395 3537 1533 3602 indiciis.

365 3647 506 3728 Longum
528 3655 635 3711 «contra
656 3659 686 3711 et
708 3648 969 3713 concertatorium
990 3665 1079 3729 opus,
1109 3645 1141 3709 in
1169 3664 1239 3709 xxxv
1263 3645 1359 3709 libros
1384 3645 1534 3724 divisum,

365 3754 414 3816 cui
429 3753 538 3818 titulus
554 3761 619 3818 erat
637 3758 779 3819 Διοκλειοι
794 3757 920 3837 ἔλεγχοι,
942 3761 973 3816 et
992 3753 1025 3816 in
1045 3769 1106 3833 quo
1128 3752 1365 3833 vituperabatur
1382 3751 1533 3833 Epicurus

364 3859 414 3940 (D.
439 3864 475 3925 L.
500 3863 539 3941 Χ,
565 3861 609 3941 3),
631 3862 768 3943 proiecto
791 3868 837 3924 est
861 3861 1012 3943 pugnacis
1038 3859 1216 3942 philosophi
1238 3867 1268 3922 et
1288 3859 1430 3924 doctrina
1451 3860 1533 3939 freti,

363 3967 493 4032 minime
507 3985 581 4031 vero
597 3969 711 4032 eruditi
727 3969 804 4044 viri3
822 3969 955 4048 ideoque
971 3967 1165 4031 Nietzschius
1181 3973 1263 4031 recte
1279 3967 1440 4030 contendit
1454 3967 1533 4030 illud

365 4074 492 4140 alterius
523 4077 683 4156 cujusdam
710 4076 846 4141 Sotionis
877 4077 1090 4164 esset1),sixe
1123 4076 1260 4140 Sotionis
1291 4076 1377 4141 illius
1409 4075 1534 4140 Tiberi0

364 4183 496 4265 principi
526 4184 667 4265 aequalis,
700 4185 826 4249 Senecae
853 4185 885 4247 in
914 4183 1164 4266 philosophando
1189 4185 1399 4266 praeceptoris,
1429 4187 1534 4250 stoice

363 4374 434 4421 ratur
444 4372 519 4430 Πίναξ
531 4371 660 4436 Ῥωμαίων
669 4374 710 4424 καὶ
722 4373 860 4438 Σμυρναίων
870 4367 974 4438 διαδοχὴ
984 4373 1048 4424 κατὰ
1058 4371 1158 4439 χρόνους
1164 4391 1170 4434 ;
1182 4387 1259 4434 quum
1272 4374 1357 4425 autern
1364 4373 1534 4436 Hermogenes

355 4453 417 4513 ille,
429 4451 571 4502 Charidemi
584 4451 661 4513 lilius,
670 4453 860 4516 magistratibus
871 4453 1000 4515 eponymis
1011 4454 1036 4502 in
1048 4454 1128 4517 patria
1137 4468 1182 4503 sua
1191 4453 1308 4504 videatur
1319 4455 1533 4514 annumerandus,

363 4532 411 4582 viri
424 4533 490 4582 docti
501 4536 569 4582 recle
581 4533 745 4596 conjecerunt
757 4535 848 4585 πίνακα
859 4533 932 4582 illurn
944 4535 1129 4586 successionem
1144 4548 1323 4598 eponymorum
1339 4535 1534 4597 magistratuum

363 4616 393 4686 ad
407 4617 517 4675 tempora
528 4617 641 4662 exactam
654 4619 729 4676 atque
741 4615 864 4678 digestam
875 4613 1030 4664 exhibuisse.

351 4703 352 4708 ’
395 4693 423 4757 (1)
433 4697 486 4744 Non
505 4695 540 4743 ita
558 4697 622 4744 bene
643 4696 814 4757 comprobavit
831 4695 985 4746 Nietzschius
1005 4697 1114 4748 Dioclem
1132 4699 1204 4748 illurn
1225 4697 1358 4756 a,Sotione
1377 4697 1533 4747 contutatum

364 4774 485 4826 eumdem
500 4791 554 4825 csse
574 4782 606 4826 ac'
623 4777 732 4826 bioclem
751 4779 900 4840 Magnetem,
922 4793 1001 4827 unum
1022 4795 1035 4828 e
1054 4778 1170 4843 Diogenis
1193 4777 1286 4830 taertii
1308 4780 1461 4848 auctoribus,
1481 4778 1532 4828 imo

363 4862 491 4908 auctorem
504 4857 658 4921 precipuum
670 4872 699 4906 ac
711 4858 764 4907 fere
775 4857 888 4920 unicum,
903 4861 1040 4910 secundum
1051 4859 1228 4911 Nietzschiurn.
