3622 5708
774 622 873 684 ..¹57
894 655 935 667 ..

269 759 480 824 indubitatum
506 774 599 841 quam
626 756 864 823 indubitabilem
891 753 1021 836 rumpit,
1048 753 1102 835 qui
1128 753 1310 818 manifestus
1331 751 1463 820 luisset·

268 867 454 948 cuicumque
469 869 530 932 duo
545 865 737 932 Parmenidis
750 873 783 929 et
795 861 997 945 Xenophanis
1011 867 1154 944 poemata
1169 860 1296 942 legenti.

306 1083 535 1164 perpendamus
559 1084 623 1163 jam
651 1099 691 1146 an
720 1081 806 1147 Sotio
835 1080 1081 1161 Theophrastum
1105 1079 1156 1142 vel
1182 1079 1220 1142 de
1244 1078 1437 1160 Xenophane

267 1189 494 1254 Anaximandri
516 1190 669 1272 dIsoipnlo
691 1188 852 1252 refellerit.
877 1188 965 1263 Quod
987 1187 1133 1266 equidem
1153 1185 1302 1267 suspicari
1324 1187 1436 1262 ausim,

269 1299 321 1377 qui
334 1298 457 1362 credam
472 1297 627 1363 Sotionem
640 1295 919 1378 argumentationis
933 1294 1063 1360 lacinias
1073 1293 1106 1357 in
1121 1293 1170 1357 his
1184 1311 1254 1374 quae
1264 1300 1438 1373 sequuntur

265 1405 407 1470 versibus
421 1405 590 1470 invenisse.

306 1620 336 1683 8.
358 1621 394 1682 D.
413 1621 448 1682 L.
465 1619 515 1699 lx,
535 1619 582 1683 la.
600 1655 632 1664 —
651 1619 859 1701 Xenophanes
886 1621 1015 1697 διήκουσε
1041 1617 1108 1681 κατ’
1131 1619 1219 1693 ἐνίους
1244 1619 1294 1697 μὲν
1315 1619 1435 1694 οὐδενος,

266 1727 333 1790 κατ’
358 1730 447 1803 ἐνίους
471 1730 501 1790 δὲ
526 1733 654 1803 Βότωνος
679 1726 839 1806 Ἀθηναίου,Ι
866 1729 897 1806 ἦ,
924 1731 963 1802 ὥς
986 1747 1070 1804 τινες,
1096 1724 1252 1809 Ἀρχελάου
1280 1749 1287 1763 ·
1314 1727 1372 1802 aul,
1399 1727 1438 1800 ὡς

268 1837 383 1898 Σωτίων
398 1837 477 1916 puel,
494 1835 561 1898 κατ’
580 1833 796 1918 Ἀναξίμανδρον
809 1833 855 1912 ἦν.

304 1942 458 2015 Nonnisi
480 1943 518 2006 de
539 1942 733 2024 Xenophane
756 1940 988 2006 Anaximandro
1011 1941 1125 2023 aequali
1151 1940 1311 2006 Sotionem
1334 1949 1438 2022 aperte

268 2051 407 2114 Laertius
432 2055 614 2115 antestatur.
644 2050 732 2114 Licet
756 2058 860 2115 autem
885 2050 1036 2133 suspicari
1060 2067 1096 2114 ea
1122 2067 1247 2131 quoque
1271 2066 1341 2129 quae
1365 2055 1438 2113 ante

265 2176 355 2240 supra
376 2158 523 2238 leguntur
541 2158 667 2238 oblique
687 2176 726 2221 ex
745 2157 829 2222 illius
849 2175 942 2238 opere
960 2160 1051 2223 duota
1070 2175 1149 2238 esse,
1165 2165 1196 2222 et
1215 2158 1374 2224 Sotionem
1389 2157 1438 2220 his

264 2265 360 2328 lorino
385 2265 576 2346 argumentis
599 2282 690 2344 usum
708 2282 794 2329 esse:
826 2289 837 2323 r
857 2265 937 2329 Sunt
955 2265 1009 2346 qui
1028 2266 1253 2346 Xenophanem
1279 2264 1438 2328 neminem
1507 2243 1512 2254 ⁸

265 2373 421 2436 audivisse
449 2371 571 2450 dicant,
602 2379 676 2436 sunt
702 2373 756 2453 qui
785 2372 813 2435 ei
842 2372 1025 2452 magistrum
1053 2371 1288 2454 adscripserint,
1316 2408 1355 2420 -
1383 2371 1437 2436 alii

265 2480 427 2559 Botonem,
464 2480 631 2544 obscurum
670 2480 786 2559 virum,
824 2480 996 2562 sapientem
1033 2481 1149 2560 forsan,
1188 2488 1271 2544 oerto
1306 2479 1438 2544 minime

263 2587 496 2669 philosophum,
511 2587 620 2652 -alii
642 2587 842 2667 Archelaum,
862 2587 987 2668 stolide,
1011 2588 1161 2669 quoniam
1182 2587 1351 2653 Archelaus
1373 2588 1437 2650 lore

264 2712 327 2759 uno
358 2695 472 2758 saeculo
504 2704 573 2777 post
605 2697 834 2777 Xenophanem
865 2696 993 2776 vixerit,
1027 2733 1067 2742 -
1098 2697 1329 2777 Theophrastus
1362 2712 1436 2758 vero

263 2803 543 2884 Anaximandrum,
566 2803 599 2866 in
622 2821 760 2867 errorem
786 2804 932 2869 inductus
954 2804 1027 2886 qnia
1050 2811 1080 2868 et
1102 2813 1239 2887 tempore
1260 2811 1291 2867 et
1309 2802 1436 2867 natione

263 2911 472 2992 Xenophanes
491 2919 522 2975 et
538 2912 771 2976 Anaximander
790 2911 926 2992 aequales
941 2922 1046 2990 erant3
1069 2920 1208 2976 ceterum
1224 2911 1256 2975 in
1274 2910 1437 2976 nonnullis

263 3017 351 3083 libris
372 3036 428 3100 ego
447 3018 508 3100 legi
523 3018 709 3102 Xenophani
722 3019 846 3084 nullum
861 3019 954 3084 inisse
966 3020 1165 3100 magistrum
1187 3037 1261 3100 ergo
1276 3018 1435 3085 neminem

266 3127 376 3206 audiit,
397 3125 479 3190 nihil
501 3129 624 3190 nonde
648 3145 705 3192 suo
727 3126 898 3208 desumpsit
906 3127 930 3209 ,l
943 3130 1139 3204 αὐτοδίδακτος
1161 3129 1324 3193 habendus
1342 3136 1387 3194 est
1405 3134 1436 3193 et

264 3237 413 3318 αὐτονργδς
427 3243 479 3332 τῆς
494 3237 670 3318 φιλοσοφίας.
687 3258 698 3292 ο

302 3449 433 3514 Maximo
457 3449 580 3530 insigne
603 3450 701 3514 estin
725 3451 888 3516 Laertiana
910 3455 1040 3539 διαδοχῇ,
1062 3454 1145 3533 quod
1166 3453 1278 3517 italicis
1295 3453 1435 3535 philoso-
1503 3479 1507 3486 ·

262 3556 343 3639 phis,
373 3556 571 3637 Pythagoreis
604 3557 673 3620 dieo
709 3563 740 3621 et
771 3559 961 3638 Parmenidi,
996 3560 1116 3623 medios
1151 3560 1337 3642 interposuit
1372 3562 1435 3625 duo

261 3665 415 3728 solitarios
433 3664 647 3746 philosophos,
668 3665 860 3730 Heraclitum
878 3674 909 3730 et
927 3669 1163 3750 Xenophanem.
1187 3670 1251 3733 lloo
1274 3677 1377 3734 autem
1397 3687 1434 3732 ex

263 3773 388 3853 ingenio
410 3790 465 3836 suo
491 3774 630 3837 Laertius
654 3790 717 3837 non
741 3774 842 3854 tinxit,
865 3782 1027 3856 postquam
1052 3779 1092 3840 de
1117 3777 1313 3858 Pythagoreis
1338 3780 1434 3842 linem

262 3879 335 3944 feeit
353 3881 395 3945 iia
416 3880 558 3945 loculus:
580 3886 626 3944 νῦν
641 3884 695 3961 ἤδη
716 3883 778 3966 περὶ
797 3893 852 3946 τῶν
875 3887 1027 3966 σποράδην,
1049 3886 1088 3961 ὥς
1110 3909 1186 3968 potor,
1208 3888 1401 3968 διαλεχθῶμεν
1425 3912 1432 3924 ·

261 3991 378 4052 λεκτέον
403 3991 433 4051 δὲ
457 3998 566 4072 πρῶτον
591 3989 653 4072 περὶ
684 3989 870 4074 Ἡρακλείτου
896 3991 983 4072 (llll,
1006 3991 1058 4074 el)
1066 4014 1074 4069 3
1104 3993 1187 4066 dein,
1218 4000 1380 4074 postquam
1404 4001 1434 4057 el

142 4182 149 4191 Ι
261 4093 454 4158 Heraclitum
483 4102 514 4157 et
540 4096 766 4178 Xenophanem
795 4097 950 4161 absolvit:
981 4099 1028 4162 καὶ
1055 4097 1129 4164 οὗτοι
1158 4105 1209 4180 μὲν
1239 4103 1263 4164 οἱ
1292 4105 1432 4184 σποράδην

263 4203 323 4279 (ΙΧ,
353 4202 422 4284 20);
453 4202 568 4283 quibus
596 4204 747 4269 continuo
774 4205 879 4269 verbis
905 4207 1114 4286 subjiciuntur
1141 4225 1177 4271 ea
1202 4208 1338 4273 Sotionis
1363 4226 1433 4288 quae

259 4309 352 4392 paulo
385 4328 476 4393 supra
510 4311 740 4393 descripsimus,
769 4312 807 4376 de
840 4313 1024 4379 Parmenide
1056 4316 1240 4397 Xenophani
1270 4333 1432 4398 perperam

260 4417 426 4498 adscripto,
442 4418 649 4498 Pythagoreis,
666 4419 774 4483 saltem
790 4420 941 4498 obscuris,
958 4421 1061 4503 potius
1075 4423 1295 4500 adscribend03
1312 4423 1397 4500 dein,
1415 4440 1432 4486 a

260 4524 445 4588 Parmenide
467 4526 532 4605 jam
556 4525 651 4588 series
677 4526 895 4606 magistrorum
920 4546 955 4592 ac
980 4527 1205 4612 discipulorum
1227 4530 1338 4593 ordine
1360 4546 1433 4592 con-

261 4631 414 4711 tinuatur,
450 4633 648 4698 Ahderitanis
682 4633 828 4699 Eleatieae
867 4637 982 4699 soholae
1022 4637 1198 4717 adscriptis,
1233 4637 1433 4702 Abderitanae

260 4749 363 4804 autem
396 4741 553 4821 Pyrrhone
587 4748 618 4804 et
648 4742 795 4823 Epicuro.
830 4742 917 4816 Quod
953 4743 978 4806 si
1008 4744 1156 4825 probetur
1184 4745 1432 4823 conjecturarum

260 4855 435 4914 nostrarum
454 4849 545 4929 ratio,
565 4867 635 4930 quaa
655 4851 861 4914 fundamento
879 4853 989 4916 saltem
1009 4852 1112 4917 stabili
1132 4853 1255 4933 nititur,
1271 4870 1288 4917 e
1303 4853 1431 4918 Sotione
