3622 5708
877 581 1038 644 ..40-

373 735 388 782 a
404 718 464 782 32:
488 727 543 782 τῶν
559 726 692 799 σοφιστῶν
708 740 791 796 τινες,
808 714 867 780 οἷον
883 715 1086 799 Ἀρίστιππος).
1104 752 1140 761 -
1158 716 1233 790 Quae
1247 717 1373 796 quidem
1388 718 1541 800 exempla,

372 831 407 890 ut
427 825 487 905 legi
508 823 675 902 contraria,
696 823 738 888 ita
757 823 857 902 legem
877 822 975 905 ipsam
998 823 1309 910 comprobant,adeo
1329 841 1398 889 rara
1421 832 1544 889 suntet

372 950 489 1014 sparsa,
514 940 547 996 ut
565 947 602 996 eo
619 931 717 1012 magis
736 931 857 996 eluceat
876 930 973 1012 ipsius
991 930 1164 995 Aristotelis
1185 931 1379 1014 propositum
1402 932 1435 995 in
1458 933 1543 1013 dige-

372 1040 477 1106 rcndis
492 1057 527 1105 ac
538 1039 719 1120 judicandis
734 1039 868 1104 aliorum
883 1039 1093 1120 dogmatibus,
1113 1057 1178 1104 non
1194 1041 1233 1106 ad
1247 1040 1386 1104 historiae
1401 1057 1543 1106 normam

373 1147 619 1229 ordinandis().
1022 1149 1025 1156 ’
1402 1167 1404 1176 ’

412 1253 490 1330 Quid
509 1254 652 1337 plurale
672 1254 748 1319 locis
767 1272 859 1338 supra
878 1255 978 1320 citatis
997 1261 1117 1318 constat
1138 1254 1335 1320 Aristotelem
1354 1254 1544 1320 intellexisse

373 1379 466 1443 quam
495 1363 621 1429 difficile
647 1364 687 1426 sit
711 1361 922 1428 successiones
945 1361 1093 1458 definire3
1120 1379 1184 1426 non
1210 1362 1271 1428 alia
1296 1363 1426 1429 forsitan
1451 1381 1543 1430 causa

372 1471 583 1552 quaestionem'
598 1471 679 1534 hano
701 1485 859 1549 nusquam
880 1476 965 1533 certo
987 1468 1117 1532 consilio
1139 1470 1318 1552 complexus
1333 1477 1390 1535 est.
1407 1469 1544 1536 Noverat

372 1578 459 1646 enim
482 1578 548 1642 sive
570 1578 677 1643 deesse
697 1577 886 1654 testimonia,
903 1577 968 1640 sire
989 1576 1204 1654 auctoritatem
1227 1584 1357 1642 noverat
1370 1579 1545 1644 doctrinam

372 1703 428 1769 per
443 1685 541 1751 libros
555 1703 573 1749 e
587 1685 760 1767 longinquo
776 1692 807 1748 et
820 1684 908 1765 quasi
929 1692 1049 1749 secreto
1069 1701 1157 1767 posse
1179 1685 1273 1762 tradi3
1290 1693 1421 1751 noverat
1434 1688 1546 1768 magis-

341 1801 343 1804 ’
373 1801 456 1860 trum
470 1793 644 1860 diutissime
656 1793 799 1860 auditum
814 1810 878 1856 non
894 1810 967 1858 eum
982 1809 1106 1876 semper
1126 1811 1192 1858 csse
1210 1794 1299 1874 quus
1318 1795 1356 1858 ad
1373 1795 1545 1886 sententias
1566 1871 1567 1876 η

372 1919 405 1966 se
425 1902 562 1966 maxime
581 1903 754 1966 conformet
776 1901 959 1982 discipulus.
980 1901 1095 1965 Praeter
1114 1901 1198 1965 hunc
1217 1901 1375 1983 duplicem
1389 1902 1545 1968 doctrinas

373 2027 429 2093 pon
450 2009 547 2074 libros
568 2016 599 2073 et
619 2010 715 2074 rerba
740 2009 882 2074 tradendi
907 2010 1049 2089 modum,
1069 2015 1142 2073 sunt
1162 2016 1194 2072 et
1212 2009 1333 2073 fortuiti
1353 2011 1500 2076 occursus
1515 2017 1546 2073 et

373 2115 457 2180 inter
483 2116 648 2200 opiniones
676 2115 826 2199 insperati
855 2132 1034 2194 consensus,
1068 2116 1183 2198 quibus
1210 2117 1365 2182 successio
1394 2117 1436 2183 ita
1464 2117 1545 2182 mire
1620 2148 1622 2155 2

372 2224 502 2306 fingitur
515 2231 550 2290 ut
563 2224 748 2290 historicum
768 2224 896 2289 levioris
912 2224 1024 2305 judicii
1043 2224 1162 2308 possint
1184 2224 1303 2290 fallere.
1324 2225 1406 2301 Quas
1424 2224 1545 2308 pericu·

372 2334 447 2397 losre
467 2333 526 2396 vica
548 2333 683 2398 salebras
709 2332 775 2414 ipsa
798 2333 865 2413 eius
887 2333 976 2397 docta
998 2333 1150 2398 modestia
1173 2333 1288 2398 clarius
1312 2335 1427 2399 fatetur
1450 2351 1544 2414 quam

372 2440 583 2504 recentiorum
605 2440 642 2504 ab
664 2439 883 2506 Alexandrinis
902 2457 1001 2520 usque
1024 2442 1061 2504 ad
1082 2440 1239 2505 Laertium
1257 2441 1395 2506 historiae
1410 2442 1547 2524 philoso-

371 2547 471 2630 phicae
485 2548 672 2630 scriptorum
685 2548 799 2613 fiducia
814 2547 926 2628 saepius
941 2548 1077 2613 indocta.
1091 2549 1191 2624 Quum
1205 2566 1280 2613 vero
1293 2551 1369 2614 recti
1379 2550 1491 2631 judicii
1507 2551 1547 2614 sit

373 2655 481 2721 talium
496 2657 703 2736 questionum
718 2655 932 2744 difficultatem
947 2673 1147 2737 cognoscere,
1163 2664 1229 2721 tum
1246 2657 1433 2738 Aristotelis,
1451 2659 1546 2724 auda·

372 2763 487 2828 cissimi
504 2763 636 2844 ingenii,
652 2770 719 2828 erat
737 2780 807 2828 eam
825 2781 972 2846 superare
992 2765 1115 2843 conari3
1135 2782 1231 2845 quam
1251 2782 1378 2848 operam
1394 2782 1467 2830 eum
1481 2765 1541 2829 sibi

373 2872 569 2955 proposuisse
594 2872 683 2936 nullo
709 2871 827 2937 indicio
852 2872 1016 2951 novimus3
1044 2880 1218 2955 utcunque,
1238 2875 1263 2938 si
1286 2874 1460 2958 proposuit,
1479 2891 1544 2939 ncn

375 2980 522 3046 instituit.
669 3043 673 3050 ,
1037 2983 1039 2988 ‘

413 3088 569 3167 objicient
583 3088 673 3152 nobis
688 3088 787 3153 critici
798 3088 995 3152 Aristotelem
1010 3090 1044 3153 in
1059 3091 1189 3155 serratis
1203 3090 1292 3155 libris
1309 3097 1547 3172 susceptacula

374 3198 420 3262 lta
439 3195 569 3275 versari,
596 3212 668 3261 eum
693 3213 767 3260 vero
793 3195 997 3278 probabiliter
1019 3197 1050 3260 in
1072 3199 1267 3280 perditorum
1289 3197 1443 3262 librorum
1462 3204 1551 3278 parte

307 3330 312 3342 ·
375 3304 509 3390 quadam
530 3304 684 3367 diversam
707 3309 849 3367 secutum
871 3320 936 3367 esse
962 3306 1157 3387 exponendae
1178 3313 1322 3370 veterum
1342 3305 1549 3388 philosophie

374 3411 538 3490 rationem,
554 3426 686 3492 eamque
700 3410 797 3490 magis
812 3411 1004 3476 historicam.
1021 3413 1113 3476 utne
1129 3413 1194 3477 ullo
1206 3413 1335 3494 quidem
1345 3415 1413 3477 haec
1426 3414 1547 3492 conjec-

373 3525 443 3582 tura
459 3517 636 3582 testimonio
651 3518 793 3582 firmatur
809 3539 815 3580 :
833 3535 968 3598 namque
989 3518 1063 3582 hinc
1083 3521 1236 3585 habemus
1259 3520 1411 3583 librorum
1432 3519 1548 3584 Aristo-

375 3623 538 3704 telicorum
554 3624 709 3705 catalogos
723 3625 837 3706 spuriis
851 3632 970 3705 auctos,
986 3627 1103 3690 nedum
1113 3633 1285 3706 truncatos,
1298 3626 1388 3691 illinc
1399 3627 1549 3707 fragmen·

372 3737 477 3796 torum
498 3732 586 3812 quasi
607 3731 720 3796 silvula
741 3733 831 3797 uobis
853 3749 983 3814 operum
1007 3734 1240 3816 deperditarum
1255 3733 1391 3815 speciem
1406 3735 1548 3815 aliquam

374 3836 514 3918 suincit3
531 3837 618 3904 illinc
633 3847 739 3903 autem
753 3841 998 3920 fragmentorum
1013 3841 1213 3906 collectiones
1228 3859 1330 3923 nuper
1344 3860 1361 3907 a
1376 3843 1547 3906 Valentino

374 3948 473 4010 Roseo
486 3953 516 4010 et
527 3947 565 4012 ab
582 3946 701 4010 lleitzio
714 3946 805 4012 edita
816 3965 856 4011 ne
867 3948 1033 4012 minimum
1043 3949 1172 4030 quidem
1183 3951 1323 4030 praebent
1332 3949 1548 4014 testimonium

374 4056 458 4136 quod
479 4055 518 4120 ad
541 4055 755 4120 doctrinarum
773 4057 992 4136 cognationem
1006 4056 1151 4133 attineat3
1172 4057 1259 4141 hinc,
1279 4058 1304 4121 si
1325 4057 1471 4136 catalogis
1486 4055 1549 4119 illis

376 4162 468 4227 fidem
496 4162 660 4243 habemus,
689 4162 775 4227 nulla
804 4163 928 4228 ridetur
955 4163 1084 4245 periisse
1113 4164 1262 4229 continua
1291 4151 1549 4246 pbilosophorum
1655 4220 1658 4224 .

376 4267 505 4334 historia
520 4285 615 4350 quarn
630 4271 763 4352 διαδοχὴν
778 4286 903 4350 vocare,
919 4277 954 4334 ut
971 4287 1038 4335 mos
1056 4269 1115 4334 fuit
1129 4271 1293 4353 posterius,
1315 4270 1426 4348 liccat3
1447 4270 1548 4353 perie-

375 4382 450 4441 runt
470 4376 754 4460 solumrrolumina
775 4386 928 4460 separata,
950 4395 1016 4442 rem
1038 4379 1164 4444 unicam
1186 4379 1363 4458 tractantia,
1386 4379 1549 4459 inquibus

376 4482 514 4550 diversas
527 4484 684 4550 doctrinas
698 4493 752 4550 aut
766 4485 897 4567 carptim
912 4487 1107 4552 describebat
1123 4487 1312 4564 Aristoteles,
1337 4495 1391 4552 aut
1410 4503 1549 4552 seorsum

377 4594 551 4659 refutabat:
576 4593 782 4676 expositiones
807 4601 896 4660 erant
919 4594 992 4659 libri
1015 4598 1085 4681 Περὶ
1100 4606 1155 4660 τῶν
1169 4598 1378 4679 Πυθαγορείων,
1407 4597 1475 4681 Περὶ
1498 4604 1550 4674 τῆς

406 4747 438 4810 (¹)
449 4747 514 4799 Satis
524 4749 626 4810 apparet
638 4761 682 4797 nos
693 4761 743 4797 non
755 4749 830 4810 plane
841 4747 985 4798 consentire
996 4763 1053 4800 curn
1071 4750 1186 4799 hruedoec
1202 4749 1318 4811 Jaoquos,
1331 4749 1374 4811 qui
1390 4747 1549 4798 Aristotelem

377 4826 453 4879 fluxit
463 4826 545 4891 magis
556 4826 707 4879 historicum
719 4842 794 4890 quam
806 4829 854 4879 fuit
866 4842 963 4880 revera.
1461 4827 1464 4830 ’
