3622 5708
886 596 1047 658 ..pp-

421 733 496 808 Quae
514 731 643 814 quidem
666 731 761 796 verba
788 729 946 812 duplicem
971 730 1192 795 controversiae
1214 729 1377 795 materiam
1403 730 1556 813 praebent,

378 842 565 924 -primum
595 839 679 920 quod
707 839 829 905 duobus
854 838 1061 920 Theophrasti
1087 837 1165 903 locis
1188 855 1281 920 supra
1307 837 1557 903 commemoratis

379 948 528 1014 videntur
562 963 756 1029 repugnare,
793 946 819 1012 si
855 948 924 1010 haec
942 944 1066 1011 *saltem
1102 944 1217 1010 Laertii
1253 944 1487 1026 intelligantur,
1522 951 1557 1009 ut

379 1055 469 1138 solet,
488 1057 521 1120 in
543 1057 628 1120 hunc
650 1055 778 1120 modum
800 1075 807 1117 :
831 1055 1098 1118 Anaximandrum
1120 1071 1140 1118 a
1162 1054 1340 1118 Parmenide
1362 1053 1434 1134 (non
1451 1059 1553 1118 colem

378 1163 625 1244 aXencpbooc)
657 1162 795 1227 caditur
821 1159 917 1244 faisse
945 1161 1043 1226 trudit
1075 1161 1313 1242 Theophrastum
1341 1177 1435 1242 quam
1465 1177 1557 1242 repu-

378 1269 540 1352 gnantiam
555 1285 642 1336 nnnc
656 1269 868 1349 significamus
882 1275 1017 1349 tantum,
1033 1270 1071 1334 ad
1086 1269 1168 1334 hane
1183 1267 1388 1350 quaestionem
1403 1267 1557 1350 posterius

379 1377 495 1442 iterum
515 1375 647 1442 redituri
670 1378 780 1459 (quum
799 1378 837 1441 de
859 1377 987 1442 Sotioue
1010 1376 1210 1457 disseremus,
1234 1393 1302 1458 cap.
1317 1376 1405 1452 Vlll).
1422 1411 1462 1422 -
1476 1374 1555 1441 Dein

379 1499 525 1568 quanam
549 1486 589 1568 sit
612 1486 679 1551 haec
705 1488 823 1565 ἐπιτομὴ
851 1485 1094 1567 explanandum.
1117 1483 1200 1549 Duas
1223 1483 1351 1548 exhibet
1373 1483 1557 1548 Laertianus

378 1593 583 1677 Theophrasti
611 1593 769 1674 catalogus
796 1592 871 1657 huic
900 1593 969 1658 loco
998 1592 1223 1658 couvenientes
1249 1595 1414 1672 ἐτιτομάςε
1444 1609 1556 1676 nempe

377 1702 464 1784 operi
494 1705 563 1788 Περὶ
592 1711 713 1786 φυσικῶν
741 1701 775 1765 in
804 1701 977 1770 octodecim
1004 1699 1100 1766 libros
1134 1699 1226 1764 dirisi
1258 1699 1456 1780 subjungitur
1487 1703 1557 1785 Περὶ

378 1819 498 1893 φυσικῶν
514 1813 632 1890 ἐπιτομὴ
649 1809 683 1873 iu
700 1809 778 1876 duos
792 1808 905 1886 libros;
927 1814 1033 1892 postea
1048 1807 1136 1891 operi
1151 1807 1308 1872 sexdecim
1323 1807 1489 1888 librorum,
1504 1808 1556 1873 cui

375 1915 487 1980 titulus
500 1917 622 1980 Φιοιιιοιὶ
638 1916 728 1995 δόξαι,
745 1916 840 1981 altera
855 1917 987 1980 Φυτικῶν
1004 1918 1122 1996 ἐπιτομὴ
1138 1914 1233 1980 unius
1247 1913 1336 1992 libri3
1352 1915 1438 1979 hunc
1452 1921 1556 1980 autem

377 2023 505 2089 titulum
519 2023 654 2090 editores
673 2023 718 2089 ita
737 2023 974 2107 suppleverunt,
995 2030 1030 2088 ut
1048 2021 1314 2087 verisimillimum
1335 2029 1399 2086 est:
1424 2023 1556 2086 Φοοιιιῶι

377 2131 488 2209 [δοξῶν]
505 2134 635 2212 ἐπιτομὴ.
652 2131 684 2198 Si
700 2149 787 2214 vere,
801 2139 837 2197 ut
851 2132 1029 2214 opinamur,
1045 2149 1145 2198 unum
1161 2137 1254 2212 atque
1269 2131 1352 2197 idem
1371 2148 1449 2213 opus
1467 2138 1557 2196 erant

366 2235 454 2311 'duae
466 2239 530 2304 illae
549 2240 626 2304 hinc
645 2239 817 2306 octodecim
837 2239 926 2304 illinc
945 2239 1102 2305 sexdecim
1122 2239 1274 2304 librorum
1288 2238 1395 2311 series,
1417 2238 1507 2303 nobis
1521 2239 1554 2303 iu

374 2355 521 2430 promptu
545 2354 593 2414 est
617 2348 743 2413 credere
765 2347 898 2413 alterum
918 2347 1032 2430 prioris
1054 2350 1191 2428 ἐπιτομὴς
1212 2343 1328 2412 librum
1350 2345 1555 2411 summarium

375 2456 470 2522 luisse
491 2457 626 2522 duorum
647 2455 832 2521 ultimorum
851 2455 956 2538 operis
976 2457 1045 2540 Περὶ
1065 2465 1186 2540 perinde
1206 2454 1370 2529 librorum,
1392 2453 1555 2536 inquibus

374 2564 535 2630 videbitur
551 2563 648 2647 'quasi
679 2563 853 2629 clausulam
879 2562 1044 2627 inclusisse
1067 2579 1155 2628 suam
1181 2563 1220 2628 de
1245 2571 1356 2627 natura
1381 2561 1554 2627 doctrinam

374 2673 621 2755 Theophrastus3
634 2671 770 2754 priorem
786 2679 890 2736 autem
905 2671 1018 2753 prioris
1029 2673 1166 2752 ἐπιτομῆς
1177 2670 1306 2751 librum,
1319 2669 1351 2735 id
1363 2676 1410 2733 est
1419 2685 1554 2735 summa-

375 2779 458 2882 rium
471 2779 629 2845 sexdecim
644 2779 816 2862 primorum
833 2778 973 2860 ejusdem
989 2779 1091 2861 operis
1106 2779 1271 2859 librorum,
1287 2778 1368 2842 nihil
1384 2777 1552 2844 aliudesse

375 2893 468 2969 atque
483 2889 618 2967 ἐπιτομὴν
633 2885 776 2953 alteram.

414 2995 572 3078 Quidquid
593 3002 650 3070 est,
672 2997 856 3060 confirmare
876 2994 1307 3076 possumus-Theophrastum
1328 3009 1433 3060 reram
1451 2994 1552 3078 philo·

374 3105 493 3186 sophiae
508 3105 660 3171 naturalis
675 3104 850 3186 historiam,
863 3105 921 3168 sub
933 3104 1083 3169 alterutro
1095 3101 1199 3183 titulo,
1212 3101 1395 3183 singillatim
1405 3101 1553 3184 primum,

374 3211 447 3278 dein
474 3213 654 3278 summatim
681 3212 853 3295 scripsisse,
883 3213 964 3276 sicut
991 3217 1023 3275 et
1044 3209 1255 3292 peculiaribus
1280 3209 1314 3274 in
1338 3209 1553 3276 voluminibus

375 3320 593 3402 arithmeticae,
608 3320 799 3402 geometriae,
813 3319 988 3400 astrologiae
1001 3318 1098 3400 (quod
1112 3319 1271 3384 Eudemus
1285 3335 1411 3400 quoque
1425 3319 1555 3400 lecerat)

265 3518 267 3524 Ι
375 3429 537 3512 scripserat
563 3429 720 3494 historias.
749 3430 855 3510 ltaque
884 3428 922 3493 ab
951 3427 1018 3510 ipso
1047 3426 1161 3508 scripta
1189 3433 1290 3509 potest
1315 3426 1424 3492 haberi
1451 3427 1552 3510 prima

374 3539 491 3620 διαδοχὴ
506 3547 561 3602 τῶν
578 3541 747 3622 φιλοσόφων.

412 3755 587 3820 imitatores
611 3759 715 3818 autem
740 3751 890 3816 continuo
916 3768 981 3815 non
1005 3749 1117 3815 habuit
1135 3733 1338 3834 Theophrasti
1361 3753 1549 3834 exemptum,

373 3865 460 3944 ouius
474 3861 588 3946 posteri
606 3861 637 3924 in
654 3863 712 3926 hac
728 3859 810 3925 ut-in
826 3859 909 3924 omni
927 3866 1013 3940 parte
1034 3860 1321 3940 «degenerarunt»,
1337 3869 1372 3924 ut
1386 3859 1429 3924 ait
1442 3859 1550 3925 Cicero

373 3972 430 4053 (De
449 3971 533 4050 Flu,
548 3971 589 4049 V,
609 3970 654 4050 5).
673 3969 766 4034 Nulla
787 3967 871 4031 enim
889 3967 1013 4046 Srnxro,
1029 3966 1082 4048 qui
1103 3975 1171 4050 post
1186 3967 1275 4032 illum
1290 3967 1398 4049 Lycaeo
1413 3969 1549 4051 praeluit,

373 4078 431 4142 uisi
458 4095 552 4142 merae
578 4077 729 4143 doctrinae
756 4074 930 4156 composuit
952 4075 1077 4155 scripta,
1100 4075 1125 4137 si
1152 4075 1275 4139 Laertio
1297 4075 1468 4153 credimus3
1492 4094 1550 4141 nec

371 4186 497 4251 videtur
521 4187 610 4266 Luco,
638 4183 792 4250 Stratonis
811 4200 983 4262 successor,
1005 4183 1092 4263 cujus
1114 4183 1241 4262 quidem
1262 4200 1392 4264 operum
1412 4183 1549 4248 indicem

371 4312 436 4359 non
470 4295 633 4373 habemus,
664 4291 803 4357 historiae
838 4289 1063 4374 philosophicae
1096 4307 1221 4372 operam
1249 4289 1381 4364 dedisse.
1412 4290 1549 4356 indicem

372 4409 479 4467 contra
508 4403 657 4466 Puxunnux
686 4401 829 4464 lluuuunu
857 4398 993 4463 servavit
1021 4398 1184 4462 Laertius:
1215 4399 1248 4462 in
1278 4417 1340 4480 quo
1370 4416 1410 4463 ne
1440 4398 1550 4463 titulus

371 4511 499 4593 quidem
517 4509 612 4587 ullus,
630 4509 670 4573 ad
690 4507 852 4572 historiam
872 4506 1046 4571 litterarum
1064 4506 1239 4589 pertinens,
1259 4506 1451 4572 Demetrium
1470 4523 1550 4590 prae-

371 4619 497 4684 nuntiat
525 4615 746 4682 Alexandriam
777 4615 976 4679 bibliothecae
1008 4613 1216 4696 conditorem
1250 4613 1408 4694 catalogus
1440 4620 1548 4680 contra

370 4730 435 4794 iere
467 4734 549 4793 totus
578 4726 737 4791 rhetorem
770 4723 993 4806 philosophum
1022 4723 1155 4803 indicat,
1181 4721 1320 4788 Platonis
1349 4730 1380 4786 et
1407 4723 1548 4788 isocratis

371 4837 519 4902 aemulum
535 4835 639 4918 potius
654 4851 746 4915 quam
762 4831 935 4896 Aristotelis
950 4841 980 4895 et
994 4831 1210 4915 Theophrasti.
