3622 5708
824 588 984 650 ..53-

314 722 525 789 verisimiliter
544 723 722 800 exhibebat,
739 728 769 784 et.
789 723 986 804 Pythagoreis
1004 723 1181 803 Eudoxum,
1197 724 1277 787 sicut
1290 731 1321 788 et
1337 725 1487 806 Laertius,

313 831 552 896 annumerabat.
1315 917 1317 922 Ι
1472 923 1474 930 ⁴

353 941 382 1003 3.
399 939 435 1002 D.
452 940 485 1001 L.
500 939 536 1018 ll,
555 939 677 1004 ttu-
690 938 780 1016 llam,
801 938 836 1000 in
858 938 922 1002 vita
946 938 1106 1020 stilponis,
1131 940 1197 1004 baec
1219 941 1307 1005 aliert
1326 941 1487 1034 Laertius:

204 1107 207 1114 .
312 1051 415 1110 Τούτου
435 1048 517 1130 φησίν
538 1045 729 1132 Ἡρακλείδης
746 1048 794 1110 καὶ
813 1050 859 1110 τδν
875 1051 991 1125 Ζήνωνα
1007 1049 1122 1112 ἀκοῦσαι
1137 1051 1184 1112 τδν
1199 1057 1251 1128 τῆς
1266 1059 1349 1126 στοᾶς
1362 1054 1487 1130 κτίστην.

312 1153 400 1228 Quod
421 1154 634 1218 testimonium
654 1153 729 1218 alibi
752 1155 953 1219 contirmatur
973 1155 1020 1236 (ll,
1038 1156 1112 1232 ttt;
1129 1155 1192 1235 Vll,
1208 1156 1251 1238 2).
1264 1190 1304 1202 -
1318 1157 1349 1220 ln
1365 1158 1488 1220 Zenone

312 1265 430 1335 autem,
455 1259 576 1324 etiamsi
603 1276 619 1323 a.
644 1258 889 1340 Megarensibus,
913 1258 978 1323 sive
1002 1258 1155 1352 Stilpone,
1177 1260 1255 1341 sive,
1278 1269 1313 1325 ut
1333 1263 1488 1326 asserebat

311 1365 517 1448 HippobotuS,
546 1365 680 1434 Diodoro
712 1366 825 1444 Crono,
857 1367 894 1430 ad
929 1365 1126 1432 dialecticam
1161 1367 1346 1433 inlormatus
1379 1370 1485 1444 luerit,

311 1473 482 1556 plurimum
501 1473 599 1538 valuit
614 1473 717 1540 Crates
733 1475 876 1553 cynicus;
892 1475 997 1554 itaque
1013 1491 1133 1548 omnes,
1148 1482 1260 1559 praeter
1275 1476 1486 1558 Hippobotum

312 1584 356 1664 (v.
375 1583 456 1648 inlra
471 1601 538 1664 cap.
555 1583 608 1664 X),
623 1583 787 1664 scriptores
802 1583 977 1647 Stoicorum
992 1583 1165 1648 doctrinam
1181 1601 1197 1648 a
1213 1564 1334 1664 Cynicis
1349 1586 1486 1650 delluere

313 1691 484 1756 concinunt
500 1691 542 1772 (v.
560 1691 596 1754 D.
614 1690 649 1754 L.
665 1692 716 1769 Vl,
735 1692 803 1770 tet,
822 1691 909 1773 t05);
926 1691 1009 1771 atqui
1027 1691 1113 1755 Solio
1127 1691 1276 1755 videlicet
1290 1692 1363 1756 buic
1378 1695 1485 1756 adver-

311 1798 372 1863 sari
391 1798 554 1862 seutentiae
573 1795 732 1862 communi
754 1815 818 1862 uon
839 1805 1032 1863 tentaverat:
1050 1798 1144 1863 Stoici
1162 1799 1298 1864 enimin
1319 1801 1385 1880 eius
1404 1801 1483 1864 libro

311 1906 435 1986 cynicos
449 1905 658 1986 excipiebant,
673 1906 757 1986 quod
772 1905 865 1987 paulo
882 1905 961 1969 inlra
978 1906 1233 1971 confirmabimus
1248 1907 1292 1989 (p.
1308 1908 1371 1986 ὃν).

349 2014 378 2077 ί.
395 2015 431 2078 D.
447 2015 481 2076 L.
498 2016 535 2094 V,
550 2014 600 2078 86.
616 2048 656 2059 -
670 2013 849 2078 Heraclides
873 2015 1020 2078 Ponticus
1048 2014 1179 2094 Ἀθήνησι
1206 2019 1350 2108 septenus
1375 2025 1483 2100 πρῶτον

312 2124 361 2200 μὲν
383 2125 552 2204 Σπευσίππῳ
571 2147 577 2160 ·
595 2124 674 2184 ἀλλὰ
696 2124 742 2185 καὶ
764 2131 819 2185 τῶν
843 2127 1042 2207 Πυθαγορείων
1061 2125 1191 2202 διήκουσε
1210 2125 1256 2186 καί
1275 2126 1311 2186 τὰ
1330 2127 1484 2202 Πλάτωνος

310 2227 447 2307 ἐζηλώκει
470 2254 476 2266 ·
498 2231 545 2292 καὶ
564 2232 676 2320 ὕστερον
695 2232 813 2307 ἤκουσεν
835 2228 1069 2313 Ἀριστοτέλους
1084 2236 1124 2306 ὥς
1147 2254 1212 2313 ,aaut
1234 2234 1348 2294 Σωτίων
1367 2234 1395 2294 ἐν
1414 2236 1483 2294 Δια·

310 2339 423 2418 δοχαῖς.
445 2337 620 2422 Verisimile
647 2344 692 2400 est
716 2343 817 2400 totum
841 2337 926 2401 huuc
955 2336 1072 2416 locum,
1095 2354 1160 2400 uon
1179 2337 1332 2418 ultimam
1362 2346 1481 2402 tantum

310 2451 439 2525 partem,
462 2444 625 2508 asotione
645 2445 754 2508 liuere.
777 2443 916 2508 Laertius
937 2444 1002 2520 (aut
1022 2444 1048 2506 is
1067 2461 1130 2523 quo
1148 2444 1247 2508 utitur
1261 2445 1400 2524 auctore)
1416 2463 1479 2509 nou

204 2547 208 2557 ’
309 2551 466 2632 perspexit
493 2551 689 2616 Heraclidem
716 2550 880 2614 Ponticum
906 2552 1110 2632 Pythagoreos
1137 2552 1230 2616 simul
1259 2568 1295 2616 ac
1322 2553 1480 2618 Platonem

309 2664 450 2722 seculum
478 2676 557 2737 esse,
586 2665 692 2740 utpote
721 2658 774 2738 qui
803 2658 977 2740 discipulus
1006 2659 1168 2742 Speusippi
1195 2660 1301 2741 luerit,
1330 2663 1420 2740 cujus
1447 2663 1480 2725 in

309 2765 472 2847 disciplina
497 2766 634 2830 Platonis
657 2765 853 2849 pbilosopbla
878 2767 1073 2848 pythagoreis
1098 2767 1331 2833 adulterabatur
1355 2769 1480 2860 dogma-

310 2874 403 2938 tibus.
419 2911 455 2919 -·
471 2873 532 2938 Alii
553 2881 656 2938 autem
671 2867 846 2955 scriptores,
863 2882 898 2938 ut
912 2875 1047 2946 videtur.
1065 2875 1260 2939 Heraclidem
1275 2877 1314 2940 ad
1333 2876 1481 2942 Aristote-

309 2981 371 3044 lem
393 2981 551 3049 transiisse
571 2998 680 3063 parum
696 2988 852 3060 curantes,
868 2981 1061 3046 Academicis
1073 2999 1146 3046 eum
1162 2986 1410 3049 annumerabant
1424 2986 1478 3068 (¹);

309 3092 396 3170 cujus
411 3108 484 3153 vero
501 3090 651 3154 librorum
667 3090 761 3153 iudex
777 3089 898 3154 lucilius
913 3089 1136 3154 aristotelicum
1151 3091 1313 3172 profitetur
1330 3093 1371 3173 (v.
1387 3111 1478 3175 supra

308 3217 339 3280 p.
360 3199 426 3277 lP);
447 3198 521 3261 inde
543 3196 706 3260 conficitur
721 3197 880 3262 Laertium
900 3202 982 3260 recte
1004 3197 1114 3262 tradita
1135 3205 1217 3261 recte
1236 3211 1376 3263 secutum
1396 3219 1461 3264 esse
1469 3223 1478 3279 ;

308 3322 402 3386 quam
415 3304 541 3386 quidem
558 3304 757 3368 traditionem
772 3305 810 3368 ab
830 3304 895 3385 ipso
916 3303 1042 3368 Sotione
1062 3304 1263 3384 repetendam
1283 3323 1348 3370 esse
1369 3307 1477 3383 credo;

308 3411 367 3474 hoc
396 3416 531 3494 apparet,
563 3428 624 3474 non
655 3428 672 3474 e
699 3411 850 3492 scriptura
879 3411 943 3492 ipsa
972 3410 1134 3490 laertiana,
1164 3414 1217 3476 sed
1247 3430 1263 3476 e
1292 3414 1359 3477 loco
1386 3432 1478 3494 quem

309 3517 461 3596 obtinuit,
496 3516 667 3582 Heraclidis
702 3518 774 3581 ritae
806 3517 916 3592 initio,
952 3517 985 3582 in
1018 3517 1098 3582 libro
1128 3519 1337 3600 peripateticae
1365 3522 1479 3587 seboim

309 3624 462 3690 dedicato.

347 3736 379 3797 5.
397 3735 432 3796 ί).
451 3736 484 3798 L.
503 3733 541 3811 lt,
565 3733 631 3796 tt3.
649 3766 688 3778 -
708 3730 805 3812 Stilpo
830 3732 1016 3812 Megalensis
1042 3736 1171 3812 διήκουσε
1196 3739 1245 3814 μὲν
1268 3743 1322 3797 τῶν
1347 3735 1399 3798 ἀπ’
1423 3738 1478 3798 Εὔ-

308 3844 420 3905 κλείδου
435 3850 513 3904 τινῶν
533 3866 538 3878 ·
555 3843 580 3904 οἱ
600 3841 697 3903 δὲκαὶ
718 3843 799 3903 αὐτοῦ
818 3842 971 3930 Εὐκλείδου
987 3843 1103 3916 ἀκοῦσαί
1123 3863 1201 3925 φασιν
1221 3844 1310 3920 αὐτόν,
1333 3844 1477 3906 ἀλλὰκαὶ

308 3951 499 4032 Θρασυμάχου
513 3953 561 4013 τοῦ
576 3951 731 4032 Κορινθίου,
748 3947 779 4023 ὃς
792 3945 825 4025 ἦν
847 3946 946 4028 'lydda
959 3947 1113 4032 γνώριμος,
1131 3953 1204 4012 sadai
1224 3974 1303 4031 φησιν
1325 3949 1477 4034 Ἡρακλεί-

308 4058 369 4134 δης.
386 4057 494 4120 Utrum
515 4053 699 4132 Heraclidis,
715 4055 746 4118 id
767 4060 812 4118 est
831 4054 967 4120 Sotionis
982 4056 1148 4120 auctoritas
1164 4065 1283 4120 tantum
1298 4058 1336 4121 de
1349 4058 1478 4138 Thrasy-

308 4165 416 4229 macbo
445 4165 578 4243 lclrtbyae
605 4162 671 4226 sive
699 4160 852 4245 discipulo
882 4161 947 4225 sive
981 4161 1127 4228 lamiliari
1162 4162 1330 4241 excitetur,
1364 4182 1404 4228 un
1439 4166 1477 4230 de

308 4270 447 4354 Stilpone
468 4286 593 4352 quoque
613 4277 644 4333 et
668 4270 806 4334 Euclidis
827 4269 924 4353 ipsius
945 4277 976 4333 el
996 4271 1214 4352 Thrasymacbi
1236 4273 1390 4350 auditore,
1413 4289 1476 4336 non

337 4424 369 4488 (¹)
381 4424 535 4482 Πλατωνικός
551 4424 697 4474 nominatur
712 4439 727 4473 a
742 4425 863 4474 Strabone
878 4423 943 4487 (llll,
960 4435 985 4485 p.
999 4425 1069 4484 δίης
1088 4423 1198 4474 Platonis
1214 4425 1306 4474 schole
1322 4424 1349 4472 in
1364 4423 1476 4474 Siciliam

306 4505 412 4568 proiecti
427 4504 608 4567 aliquantisper
623 4505 757 4566 praelectus
772 4511 836 4564 erat,
850 4508 913 4554 teste
927 4505 1012 4555 Suidu.
1026 4506 1139 4553 Ceterum
1152 4505 1209 4554 uide
1221 4504 1348 4554 beswertii
1361 4505 1477 4554 disserta·

305 4586 399 4636 tionem
423 4587 454 4635 de
475 4585 604 4635 Heraclide
625 4583 727 4634 Pontico
749 4583 872 4647 (Lovanii,
894 4585 976 4648 1830).
1001 4585 1028 4634 ln
1050 4599 1142 4648 papyro
1165 4585 1267 4647 quidem
1290 4584 1475 4646 Herculanensi,

306 4668 434 4716 Platonem
446 4665 569 4716 audivisse
586 4665 679 4716 dicitur
699 4665 857 4726 Heraclides,
876 4679 933 4714 eum
955 4665 1095 4714 Aristotelis
1111 4667 1193 4728 potius
1208 4665 1330 4714 doctrinis
1346 4666 1475 4715 addictum

304 4748 382 4798 luisse
394 4761 443 4796 non
453 4750 570 4811 negatum
583 4749 678 4796 temore
688 4745 768 4809 igitur
779 4746 874 4798 Sotioni
889 4744 1092 4808 «peripatetico»
1109 4748 1316 4796 ltereulancnseru
1328 4746 1474 4810 scriptorem

307 4826 464 4880 Nietzscbius
475 4827 577 4890 opponit
589 4829 645 4890 (lllr.
656 4827 699 4887 lli,
715 4829 782 4887 1869,
796 4840 819 4915 p.
833 4827 899 4908 llll).
