3622 5708
876 607 1038 670 ..pq-

377 743 570 824 Xenophane
589 741 804 808 Parmeniden
824 741 1018 822 sejungebat,
1037 741 1228 822 Pyrrhonem
1247 746 1279 804 et
1290 738 1461 821 Epicurum
1476 756 1547 803 curn

378 852 569 932 Democrito,
584 868 697 934 nempe
711 867 782 916 oum
798 849 923 930 Italicis,
939 850 1057 915 Stoicos
1072 856 1177 915 autem
1197 864 1268 913 curn
1288 847 1404 928 cynicis
1417 847 1547 928 coujun-

377 958 477 1036 gebat.

417 1064 524 1129 Trium
542 1063 665 1128 illarum
686 1065 724 1128 de
742 1064 992 1129 successionibus
1006 1063 1218 1148 doctrinarum
1234 1061 1333 1144 prima
1354 1061 1393 1124 de
1412 1060 1546 1143 physicis

377 1179 449 1235 ante
475 1172 631 1236 Socratem
654 1172 790 1253 proiecto
812 1178 879 1237 erat
899 1172 970 1237 aliis
991 1171 1117 1251 certior,
1139 1175 1329 1251 quamquam
1348 1170 1386 1232 de
1408 1169 1547 1248 Diogene

376 1279 572 1360 Apolloniata
587 1280 816 1361 'theophrastus
831 1280 961 1354 erravit;
980 1315 1018 1326 —
1032 1278 1142 1360 altera,
1159 1277 1282 1359 egregia
1302 1276 1455 1355 novitate,
1469 1295 1546 1359 prae-

376 1387 482 1450 sertim
498 1389 536 1451 de
550 1387 744 1469 philosophis
757 1394 827 1468 post
841 1387 999 1452 Socratem
1015 1387 1101 1464 ortis,
1122 1385 1302 1466 conspicua,
1317 1391 1454 1448 mentem
1472 1401 1546 1450 sane

375 1493 498 1558 valebat
516 1493 559 1559 ita
582 1495 737 1558 oblectare
761 1502 795 1558 ut
818 1495 920 1586 solent
943 1511 1038 1576 opera
1062 1492 1166 1557 nervis
1188 1492 1293 1574 plena,
1320 1491 1491 1572 excogitata
1516 1499 1547 1555 et

376 1602 523 1679 audacia3
545 1603 574 1665 ei
598 1618 670 1666 vero
692 1617 802 1683 parum
823 1601 924 1665 inerat
945 1599 1153 1679 auctoritatis,
1180 1605 1215 1664 nt
1236 1599 1271 1660 iit
1292 1597 1323 1660 in
1347 1613 1440 1680 opere
1462 1599 1545 1662 haud

375 1710 449 1772 satis
464 1709 576 1789 integri
591 1726 627 1774 ac
642 1708 731 1772 liberi
747 1708 861 1786 animi;
877 1743 915 1754 -
933 1708 1022 1772 tertia
1037 1707 1187 1787 denique,
1200 1701 1402 1769 eruditissimi
1419 1705 1546 1786 quidem

375 1815 435 1878 viri
451 1834 528 1900 opus
543 1833 578 1881 ac
592 1807 834 1896 diligentissimi,
851 1816 904 1880 sed
920 1815 1098 1895 humilioris
1111 1815 1236 1892 mentis,
1254 1814 1313 1878 sibi
1328 1820 1433 1878 tamen
1448 1814 1549 1878 fiden-

377 1924 476 2002 tioriS,
487 1933 625 2006 angustae
636 1924 728 1988 simul
741 1930 832 2004 atque
844 1924 992 2003 credula,
1003 1923 1152 1988 mediocri
1164 1923 1258 2004 digna
1268 1929 1335 1987 erat
1346 1921 1528 1987 auctoritate
1535 1944 1545 2000 ;

377 2032 500 2112 copiosa
526 2039 629 2095 tamen
660 2030 945 2095 Alexandrinorum
971 2030 1147 2096 eruditione
1177 2030 1464 2108 commendabatur,
1488 2046 1547 2092 nec

377 2155 440 2202 non
455 2140 557 2204 iorsan
570 2137 767 2219 antiquitate,
780 2138 895 2220 quippe
908 2145 979 2202 anto
990 2146 1109 2204 ceteras
1120 2141 1262 2221 Διαδοχάς
1277 2137 1458 2202 Sotioneum
1471 2155 1547 2219 opus

376 2246 548 2310 exstiterat.
558 2247 615 2332 ‘Er
635 2246 682 2309 his
701 2245 849 2310 videlicet
863 2246 963 2310 causis
977 2246 1010 2310 in
1026 2246 1159 2312 maxima
1180 2247 1270 2324 laude
1290 2247 1349 2312 luit
1364 2244 1441 2311 illud
1457 2263 1545 2328 opus,

376 2353 409 2416 in
430 2355 524 2418 breve
543 2361 697 2435 coactum,
720 2371 801 2435 saepe
831 2355 1065 2436 transcriptum,
1090 2357 1283 2438 factumque,
1307 2366 1341 2422 nt
1366 2357 1409 2422 ita
1430 2355 1544 2433 dicam,

375 2462 610 2540 scholasticum;
633 2463 670 2527 ab
693 2462 748 2526 1111
769 2481 850 2544 saepe
872 2464 1003 2532 formam
1023 2470 1055 2527 et
1074 2465 1247 2546 praecipuas
1268 2483 1329 2546 res,
1352 2472 1387 2530 ut
1407 2463 1545 2543 videtur,
1584 2523 1587 2530 .

376 2576 516 2634 mutuata
529 2577 603 2634 sunt
619 2570 758 2649 ejusdem
772 2571 895 2651 generis
915 2577 969 2634 aut
983 2571 1080 2634 vicini
1099 2573 1273 2652 argumenti
1293 2589 1399 2656 opera,
1421 2571 1547 2636 mutatis

376 2677 479 2742 solum
504 2677 656 2742 additisvo
680 2679 812 2742 minoris
839 2678 988 2742 momenti
1018 2679 1277 2756 narratiunculis3
1306 2679 1347 2744 ita
1376 2685 1422 2753 ut,
1449 2695 1546 2760 quum

377 2785 518 2850 Laertius
541 2803 633 2851 suum
658 2804 735 2869 opus
760 2785 923 2868 inciperet,
948 2780 1084 2850 Sotionis
1107 2787 1255 2868 vestigiis
1285 2787 1403 2851 inscius
1428 2788 1544 2866 lorsan,

378 2893 538 2973 institerit,
558 2893 673 2975 qnippe
692 2911 789 2975 quum
806 2894 888 2957 inter
909 2893 1008 2975 ipsius
1027 2900 1168 2958 auctores
1187 2894 1238 2958 hic
1253 2895 1436 2958 Sotioneum
1455 2911 1545 2976 opus,

376 2999 430 3064 ille
445 3000 615 3066 Heraclidis
630 3001 737 3066 Lemni
753 3001 974 3082 compendium
988 3001 1022 3064 in
1036 3018 1124 3065 suam
1139 3018 1205 3066 rern
1220 3002 1433 3068 convertisset.

417 3215 507 3280 Claro
530 3215 603 3280 inde
621 3215 763 3297 exemplo
784 3215 983 3280 manifestum
1007 3222 1053 3279 est
1074 3232 1168 3296 quam
1187 3216 1377 3280 inconstanti
1399 3217 1547 3282 firmitate

375 3323 509 3388 valuerit
528 3325 610 3405 apud
632 3331 752 3387 veteres
774 3323 958 3388 historicum
980 3323 1150 3405 judicium,
1173 3340 1235 3388 non
1262 3323 1353 3388 aliter
1377 3325 1487 3407 vigens
1509 3343 1545 3390 ac

376 3433 498 3496 iiamrna
513 3431 644 3496 tremula
663 3432 750 3510 cujus
769 3431 876 3496 lumen
897 3448 1001 3514 neque
1021 3433 1168 3497 continuo
1188 3439 1306 3496 crescat
1326 3449 1433 3513 neque
1452 3434 1545 3499 etiam

376 3547 435 3603 stet
457 3547 589 3604 certum.
612 3539 700 3604 Circa
722 3539 836 3605 Christi
861 3547 977 3621 ortum,
1001 3541 1075 3605 solae
1096 3541 1217 3623 pollent
1238 3540 1301 3604 11111
1321 3540 1546 3624 philosophicae

277 3643 289 3659 '
376 3655 465 3712 secta
480 3649 593 3729 quibus
609 3649 666 3734 uni
682 3667 764 3714 curae
778 3656 851 3714 sunt
862 3666 964 3714 mores
975 3667 1010 3714 ao
1021 3649 1095 3712 vitae
1105 3649 1257 3730 regimen,
1270 3649 1344 3713 inde
1355 3650 1546 3733 contemptui

375 3755 503 3821 historia
518 3757 764 3838 qualiscunque;
786 3756 879 3822 simul
901 3757 1161 3837 relinquebantur
1180 3756 1335 3822 historicae
1358 3758 1545 3838 questiones

375 3865 535 3946 discipulis
545 3865 828 3946 grammaticorum,
843 3864 1051 3944 grammaticis
1066 3871 1097 3927 et
1111 3865 1196 3947 ipsis,
1211 3865 1350 3945 angustis
1361 3865 1496 3945 ingeniis
1508 3883 1544 3930 ac

374 3972 510 4054 pusillis3
529 3975 594 4054 jam
617 3991 720 4055 neque
744 3975 777 4037 in
802 3973 1059 4056 philosophorum
1084 3991 1186 4054 neque
1212 3973 1542 4053 imgrammaticorum

376 4081 490 4145 scholis
518 4082 702 4162 legebantur
731 4082 878 4156 Platonis,
908 4081 1095 4160 Aristotelis,
1121 4082 1324 4163 Theophrasti
1354 4098 1459 4163 opera,
1491 4089 1545 4146 aut

377 4187 471 4252 etiam
485 4188 563 4253 11111
579 4206 642 4252 111
658 4191 721 4268 jam
737 4189 829 4270 plane
845 4188 1101 4268 intelligebantur
1110 4209 1119 4265 ;
1136 4205 1205 4268 quae
1220 4204 1312 4252 nemo
1327 4189 1360 4251 in
1375 4205 1442 4253 rem
1456 4206 1544 4254 suam

376 4303 557 4359 convertere
564 4297 629 4375 jarn
640 4296 774 4375 valebat,
786 4313 843 4359 neo
855 4291 1020 4377 quisquam
1032 4302 1098 4361 erat
1109 4295 1163 4376 qni
1174 4302 1332 4361 tantorum
1344 4295 1545 4374 ingeniorum

376 4403 503 4483 vestigia
514 4410 708 4484 sequeretur,
721 4403 899 4467 istiusmodi
910 4405 998 4467 luere
1008 4403 1068 4466 viri
1081 4403 1134 4484 qui
1147 4405 1280 4490 διᾳδοχάς
1289 4409 1544 4484 composuerunt,

376 4510 493 4591 quique
508 4527 548 4574 no
564 4515 626 4574 tam
638 4527 711 4574 vero
729 4510 906 4592 philosophi
925 4509 1053 4592 quidem
1070 4515 1159 4574 erant
1178 4517 1212 4573 ut
1231 4509 1372 4592 priorum
1393 4510 1546 4575 doctrina·

375 4637 446 4685 rum
475 4620 575 4701 perito
598 4619 770 4684 scriberent
798 4618 972 4682 historiam.
1000 4619 1092 4698 Sane,
1115 4626 1185 4699 post
1210 4618 1372 4699 Sotionen,
1396 4617 1545 4682 videntur

376 4728 506 4794 meliora
519 4730 558 4793 de
572 4727 682 4791 iisdem
694 4729 786 4792 rebus
801 4743 893 4808 opera
908 4728 1020 4808 scripta
1034 4727 1140 4806 tuisse,
1157 4727 1194 4790 ab
1210 4725 1385 4807 Hippoboto
1397 4726 1545 4791 videlicet

377 4843 408 4900 et
423 4836 607 4900 Antisthene
613 4857 622 4914 ;
638 4837 751 4900 horum
765 4851 840 4898 vero
854 4852 983 4917 operum
999 4851 1062 4899 non
1078 4835 1158 4900 hene
1174 4840 1333 4917 perspecta
1349 4842 1395 4899 est
1408 4853 1426 4901 1
1440 4836 1547 4917 legen-
