3622 5708
898 594 1056 658 „52-

395 728 560 794 Socraticis
583 728 770 808 minoribus,
800 728 839 792 de
871 728 1049 809 Cyrenaicis
1073 735 1157 792 certe
1178 730 1310 808 agebat3
1334 732 1504 796 —tertius
1528 733 1566 796 de

395 836 560 901 Socraticis
574 837 748 902 minoribus
763 852 854 916 agere
867 837 1028 918 pergebat,
1040 836 1148 917 quales
1159 837 1288 902 luerunt
1298 837 1409 918 Eliaci,
1421 839 1566 921 Eretrici,

397 943 555 1024 Megarioi;
571 951 755 1024 —quartus
773 950 839 1008 erat
858 943 896 1006 de
916 943 1044 1007 Platone
1058 945 1207 1024 prolecto,
1223 943 1329 1010 forsan
1351 952 1382 1010 et
1400 947 1439 1010 de
1457 946 1567 1028 primis

392 1051 601 1129 Academicis,
618 1088 657 1098 -
671 1050 780 1133 procul
801 1049 898 1116 dubio
919 1050 951 1113 in
973 1050 1083 1130 quinto
1103 1052 1187 1115 etin
1207 1060 1294 1116 sexto
1315 1054 1353 1117 de
1373 1054 1567 1119 Academicis

392 1159 488 1222 finem
506 1159 591 1224 Sotio
607 1159 749 1233 iaciebat,
768 1158 841 1223 dein
858 1159 896 1222 de
913 1157 1077 1222 Aristotele
1097 1167 1129 1222 et
1147 1160 1359 1242 peripateticis
1378 1163 1564 1238 disserebat;

391 1305 429 1314 -
441 1269 505 1347 jam
518 1267 640 1348 Cynicis
652 1269 686 1330 in
698 1266 830 1348 septimo
841 1267 1036 1348 pertractatis
1048 1269 1257 1353 succedebant
1269 1269 1301 1332 in
1313 1277 1423 1334 octavo
1435 1271 1566 1336 heredes

391 1393 502 1440 eorum
512 1375 608 1440 Stoici
616 1396 626 1453 3
639 1411 679 1420 —
689 1375 765 1455 qnid
775 1391 849 1438 vero
859 1374 945 1439 aliud
956 1377 1221 1458 comprehendere
1231 1384 1375 1458 poterant
1385 1386 1527 1444 etnonns
1536 1387 1566 1443 et

391 1483 532 1548 decimus
544 1482 638 1560 liber,
654 1483 714 1546 nisi
731 1483 897 1548 materiam
911 1500 981 1563 quae
996 1492 1042 1547 est
1053 1485 1153 1548 octavi
1167 1485 1283 1549 etnoni
1296 1487 1378 1566 apud
1390 1485 1562 1563 Laerlinm,
1614 1494 1619 1502 ’

333 1645 335 1648 .
390 1594 422 1657 id
438 1600 483 1656 est
498 1593 716 1672 Pythagoreos,
732 1589 868 1669 Eleates,
889 1591 1120 1656 Abderitanos‘l
1138 1628 1177 1638 -
1197 1592 1284 1666 inde,
1306 1593 1375 1656 sine
1397 1593 1507 1673 dubio,
1526 1593 1563 1658 ad

390 1700 585 1779 Pyrrhoneos
600 1697 759 1776 veniebat,
776 1697 936 1761 undecimi
952 1696 1025 1760 libri
1048 1699 1225 1763 materiam.
1240 1699 1387 1778 -Atqui
1403 1699 1563 1764 Sotionem

389 1805 556 1870 duodecim
572 1805 702 1869 omnino
718 1804 815 1869 libros
841 1804 1000 1886 scripsisse
1016 1822 1087 1869 cum
1104 1805 1173 1870 aliis
1184 1813 1215 1869 et
1229 1805 1406 1870 Nietzschio
1422 1806 1493 1887 (er.
1508 1808 1562 1885 bt,

392 1913 480 1992 1870,
502 1932 533 1994 p.
559 1913 631 1994 alr)
653 1912 856 1988 crediderim;
880 1928 992 1993 nempe
1013 1912 1212 1990 isnumerus
1236 1930 1273 1977 eo
1296 1912 1452 1978 stabilitur
1479 1915 1562 1994 quod

297 2083 300 2090 ,
390 2020 571 2084 Heraclides
585 2020 719 2083 bembus
740 2018 922 2084 Sotioneum
938 2036 1015 2101 opus
1030 2021 1062 2083 in
1078 2039 1131 2084 scae
1144 2022 1240 2085 libros
1256 2028 1462 2086 contraxerat.
1482 2020 1562 2095 Quid

390 2127 529 2192 materia
551 2127 736 2191 duodecimo
761 2126 842 2190 libro
860 2128 925 2206 jam
948 2133 1101 2209 superest,
1122 2129 1183 2193 nisi
1204 2129 1359 2210 Epicurus
1382 2136 1413 2193 et
1434 2128 1560 2210 Epicuri

390 2233 518 2298 sclrola‘l

427 2343 494 2405 iam
505 2359 579 2407 vero
595 2350 738 2407 tenemus
753 2340 910 2406 Laertiani
927 2342 1029 2423 operis
1043 2343 1188 2424 sormam,
1203 2361 1336 2425 eamque
1350 2345 1410 2408 boc
1425 2345 1560 2409 maxime

392 2449 592 2532 conspicuam
621 2451 704 2531 quod
733 2449 854 2530 Cynici,
884 2449 1043 2514 minorum
1071 2451 1211 2530 gentium
1246 2451 1409 2530 Socratici,
1438 2451 1558 2516 Stoicos

390 2557 533 2640 protinus
547 2564 756 2639 praecurrunt,
773 2575 790 2621 a
805 2557 916 2621 ceteris
934 2557 1111 2622 minoribus
1130 2558 1295 2623 Socraticis
1314 2559 1427 2624 mediis
1445 2561 1561 2624 Acade-

389 2665 478 2730 micis
494 2672 524 2729 et
539 2665 749 2746 Peripateticis
765 2664 909 2745 separati¹

428 2773 465 2835 At
477 2776 547 2852 jure
562 2772 690 2854 quidem
713 2771 902 2851 objicientur
923 2771 1014 2835 nobis
1034 2771 1150 2837 indicia
1169 2773 1414 2853 perturbationis
1435 2791 1505 2854 quae
1526 2774 1558 2837 in

389 2881 574 2944 transitibus
599 2879 714 2946 Laertii
738 2879 958 2958 inveniuntur,
977 2879 1135 2960 praecipue
1154 2880 1257 2943 ultimi
1282 2881 1475 2945 Antisthenis
1487 2881 1559 2945 vitre

386 3005 495 3051 versus
512 3008 519 3049 ε
538 2990 633 3067 ἐπειδὴ
649 2991 680 3050 δὲ
694 2989 759 3065 τοὺς
774 2987 825 3049 ἀπ’
845 2986 1024 3070 Ἀριστίππου
1043 2989 1251 3068 διεληλύθαμεν
1271 2988 1317 3051 καὶ
1333 2989 1493 3070 Φαίδωνος,
1511 2993 1558 3051 νῦν

387 3090 552 3175 ἐλκῦσωμεν
583 3097 658 3180 τοὺς,
681 3095 733 3156 ἀπ’
764 3093 954 3169 Ἀντισθένους
978 3099 1107 3170 κυνικούς
1130 3121 1161 3159 τε
1184 3096 1231 3157 καὶ
1254 3101 1391 3172 scariote
1413 3097 1474 3179 (Vl,
1497 3097 1558 3178 19),

388 3202 466 3265 miro
493 3202 628 3282 quodam
654 3203 747 3265 modo
771 3207 916 3266 secutura
940 3203 1135 3282 nuntiantes,
1153 3219 1251 3282 quum
1269 3204 1345 3284 jam,
1368 3221 1432 3268 non
1457 3204 1559 3268 solum

384 3310 530 3390 Aristippi
556 3317 587 3372 et
607 3310 782 3384 Pbaedonis‚
813 3311 867 3374 sed
896 3309 992 3373 etiam
1019 3309 1171 3389 Euclidis,
1201 3310 1351 3392 Platonis,
1380 3311 1558 3375 Aristotelis

345 3485 350 3496 ,
386 3416 611 3499 discipulorum
626 3416 783 3496 enarratio
799 3416 894 3480 luerit
909 3418 1069 3482 exhausta.
1085 3417 1165 3492 Quid
1179 3435 1254 3482 vero
1270 3426 1315 3482 est
1337 3437 1393 3483 our
1410 3436 1475 3483 non
1495 3437 1566 3516 cre·¹

385 3524 590 3588 damushanc
605 3523 778 3590 clausulam
793 3523 908 3588 alonte
924 3524 1054 3589 minime
1074 3525 1221 3590 Sotioneo
1238 3533 1337 3592 ortam
1353 3528 1440 3590 esse‘l
1460 3544 1557 3607 quum

385 3639 577 3714 compertum
598 3631 638 3694 sit
663 3651 680 3694 e
705 3631 848 3714 pluribus
873 3632 1012 3698 lontibus
1035 3633 1132 3698 liuere
1152 3635 1287 3701 lutosum
1304 3634 1419 3700 Laertii
1439 3634 1557 3717 rivum,

384 3740 738 3805 contenderimtantum
752 3758 787 3805 ac
807 3747 930 3806 teneam
946 3758 1041 3821 aquas
1056 3742 1150 3806 unius
1164 3760 1203 3806 eu
1213 3742 1262 3805 bis
1276 3742 1399 3823 rivulis,
1415 3734 1556 3808 Sotionei

384 3849 466 3927 dico,
482 3847 606 3912 alveum
626 3844 791 3914 Laertiano
810 3849 879 3912 riro
901 3848 1092 3930 praesedisse,
1113 3856 1289 3914 ceterorum
1312 3852 1413 3915 undas
1434 3856 1556 3914 tantum

384 3954 643 4035 supernatarisse.
669 3956 747 4036 lmo,
776 3955 855 4021 duos
876 3957 985 4022 saltem
1013 3957 1133 4022 rivulos
1161 3959 1200 4022 ad
1228 3959 1387 4024 Laertium
1416 3958 1554 4024 Sotionei

383 4063 603 4127 lontisundam
614 4063 758 4128 intulisse
770 4064 911 4148 suspicor
927 4085 934 4128 :
951 4067 1034 4146 quod
1047 4083 1160 4149 nempe
1171 4065 1232 4130 nisi
1245 4067 1336 4148 iuret,
1349 4085 1412 4131 non
1425 4066 1554 4132 citatum

383 4170 474 4233 modo
503 4170 628 4251 proprio
654 4171 781 4235 nomine
805 4173 978 4253 Sotionem,
1001 4174 1094 4238 modo
1121 4173 1318 4238 Heraclidem
1343 4174 1553 4239 breviatorem

382 4277 577 4355 videremus;
601 4286 722 4359 contra,
748 4281 862 4344 borum
884 4280 963 4345 alter
988 4281 1073 4346 solus
1094 4283 1178 4362 apud
1205 4283 1364 4347 Laertium
1392 4282 1553 4362 citaretur,

381 4384 457 4449 alter
471 4401 512 4448 ne
525 4385 653 4450 nomine
669 4386 797 4468 quidem
810 4387 1003 4453 indicaretur
1017 4388 1070 4470 (cl.
1080 4389 1250 4470 Bahnscb.,
1265 4408 1297 4471 p.
1314 4389 1376 4468 aa).

421 4601 574 4667 Accurate
594 4600 753 4668 Laertium
771 4601 1105 4686 legentiperspicnum
1128 4605 1224 4668 estin
1247 4605 1313 4684 ejus
1332 4604 1420 4668 libris
1438 4605 1552 4669 discer-

384 4710 524 4773 nendum
540 4725 618 4788 esse,
634 4715 703 4773 tum
724 4705 931 4775 summarium
948 4711 1105 4793 quoddam
1128 4720 1159 4774 et
1179 4711 1268 4792 qnasi
1295 4711 1390 4776 totius
1414 4713 1552 4794 corporis

382 4834 574 4916 compagem,
598 4816 688 4880 initio
715 4818 864 4900 cujusque
885 4799 957 4884 vitae
983 4837 1041 4885 uec
1064 4837 1129 4886 non
1152 4819 1222 4884 aliis
1242 4819 1319 4884 locis
1342 4825 1390 4904 (ut
1407 4823 1549 4905 exemplo
