3622 5708
777 584 937 650 ⁴25-

272 727 349 805 phos
363 725 523 807 pertinent
534 725 739 790 ordinandos.
758 722 867 802 Neque
881 721 914 785 id
928 721 1055 793 mirum,
1071 717 1295 800 quoniamiere
1310 714 1439 781 dimidia

271 849 341 912 pars
356 833 598 913 fragmentorum
612 832 650 897 de
664 830 858 912 philosophis
881 828 963 891 nihil
977 826 1064 891 aliud
1080 831 1231 906 astatque
1255 823 1440 888 tabellarum

269 939 347 1005 silva
376 941 559 1022 plerumque
590 941 755 1004 stultarum
783 944 814 1002 et
842 935 1076 1000 incredibilium
1108 935 1146 997 de
1180 931 1439 1014 philosophorum

269 1055 380 1114 morte.
396 1048 459 1113 illae
474 1048 744 1114 autem-labellaea
764 1047 902 1128 Diogene
920 1047 1044 1108 Laertio
1066 1042 1256 1124 transcriptae
1275 1042 1403 1106 luerunt
1421 1057 1438 1103 e

269 1156 461 1236 nescioquo
488 1163 613 1221 auctore
637 1155 805 1235 (Favorino
833 1153 979 1216 videlicet
1007 1159 1060 1215 aut
1087 1153 1227 1230 Magnete
1254 1147 1437 1229 Demetrio),

269 1281 363 1342 quem
383 1265 508 1343 juverat
534 1263 693 1344 collegisse
713 1261 835 1326 etalias
855 1261 923 1324 aliis
951 1259 1131 1342 opposuisse
1159 1257 1297 1320 diversas
1323 1256 1436 1336 Satyri,

269 1372 442 1453 Hermippi,
467 1371 587 1450 Timaei,
616 1370 761 1449 aliorum,
788 1351 983 1434 narrationes
1008 1369 1046 1432 de
1069 1373 1169 1430 morte
1193 1363 1382 1446 sapientium
1407 1370 1438 1426 et

269 1479 543 1560 philosophorum
567 1485 668 1559 neque
691 1478 771 1542 hanc
791 1476 982 1558 praecipuam
1004 1473 1092 1555 quasi
1115 1470 1309 1536 tumulorum
1330 1488 1436 1535 curam

268 1587 436 1668 Hermippo
451 1588 587 1652 tribuere
601 1603 726 1667 aequum
741 1593 832 1665 esset,
849 1585 964 1666 quippe
979 1585 1041 1647 duo
1055 1584 1155 1645 solum
1170 1579 1254 1644 illius
1266 1581 1435 1660 fragmenta

268 1693 385 1774 aliquid
402 1702 530 1759 narrant
545 1696 583 1758 de
597 1696 759 1758 rhetorum
773 1700 885 1771 morte,
901 1691 1050 1773 peculiari
1068 1696 1150 1753 certe
1164 1687 1313 1752 memoria
1329 1679 1434 1782 digna,

268 1801 486 1865 Demosthenis
500 1803 570 1866 dioo
585 1809 617 1866 et
630 1801 794 1882 Hyperidis
810 1803 858 1878 (ir.
875 1801 925 1878 62,
941 1799 1005 1881 65).

308 1910 493 1992 Hermippus
507 1916 623 1990 autem,
650 1928 711 1990 qua
737 1909 836 1973 utitur
859 1909 991 1988 ratione,
1017 1908 1141 1970 videtur
1168 1905 1261 1970 luisse
1290 1905 1436 1968 credulus

268 2017 420 2082 librorum
447 2019 567 2092 helluo,
605 2019 748 2082 minime·
769 2018 892 2082 subtilis
926 2019 959 2081 in
995 2015 1199 2096 congerendis
1234 2013 1432 2089 testimoniis,

267 2127 450 2206 plerumque
465 2129 590 2210 ἀκριόής,
607 2134 642 2190 ut
656 2125 699 2191 ait
713 2126 879 2207 Dionysius
892 2124 1143 2189 Halicarnasseus
1169 2123 1254 2204 (vide
1269 2123 1307 2186 ir.
1323 2121 1387 2202 58),
1405 2130 1435 2186 et

245 2279 248 2286 .
267 2242 362 2313 certe,
377 2240 412 2298 ut
426 2233 469 2298 ait
481 2235 643 2315 losephuS,
659 2237 798 2313 ἐπιμελής
813 2233 896 2316 (vide
911 2234 948 2296 ir.
961 2233 1026 2313 al),
1043 2231 1106 2308 sed,
1124 2238 1158 2294 ut
1172 2231 1237 2313 ipse
1252 2231 1355 2294 dicere
1369 2247 1433 2293 uon

266 2341 421 2406 dubitavit
439 2342 477 2404 de
495 2343 716 2422 Demosthene,
739 2343 878 2422 ἐπιμελὴς
899 2343 1011 2422 μᾶλλον
1031 2341 1049 2416 ἢ
1069 2342 1170 2422 εὐφυής
1189 2339 1239 2420 (ir.
1256 2336 1321 2418 59),
1337 2342 1368 2400 et
1383 2335 1433 2400 cili

264 2467 367 2530 neque
389 2457 462 2514 aetas
488 2467 590 2529 neque
615 2450 765 2514 librorum
792 2449 989 2530 pertractatio
1014 2449 1095 2511 hanc
1119 2445 1230 2526 jndicii
1255 2445 1433 2509 firmitatem

264 2559 377 2622 dedere
404 2575 498 2638 quarn
525 2558 633 2623 saltem
666 2559 889 2621 Demosthenes
916 2562 992 2640 phoa
1020 2557 1182 2620 habuerat.
1216 2553 1434 2618 Delectabatur

265 2662 451 2745 Hermippus
475 2662 770 2726 commemoratione
796 2680 926 2744 operum
950 2680 967 2725 e
992 2661 1106 2741 quibus
1128 2659 1304 2723 testimonia
1328 2675 1433 2722 eucer-

262 2771 365 2850 pebat,
387 2769 540 2852 imprimis
560 2771 752 2850 ignotorum,
767 2770 860 2851 ‘quasi
882 2788 917 2835 ea
939 2787 971 2832 se
994 2769 1104 2850 legisse
1125 2768 1331 2848 gloriaretur:
1348 2768 1432 2846 quod

265 2884 422 2958 apparete
436 2879 606 2958 fragmento
621 2879 687 2957 jam
706 2878 832 2942 laudato
847 2879 885 2941 de
900 2878 988 2941 libris
1002 2876 1133 2940 Philolai
1150 2893 1166 2939 a
1180 2876 1307 2938 Platone
1322 2875 1433 2955 emptis

264 3002 299 3048 ac
321 2985 525 3066 transcriptis,
555 2993 586 3049 et
614 3002 652 3048 ex
680 2985 742 3049 illis
770 2991 895 3066 quoque
919 2984 1098 3064 fragmentis
1123 2983 1290 3063 inquibus
1314 2984 1352 3046 ab
1377 2982 1432 3046 illo

245 3139 248 3146 .
263 3093 405 3156 videmus
424 3093 659 3158 commemorari
679 3101 709 3156 et
726 3095 880 3160 Patracum
896 3095 946 3175 (ir.
967 3093 1028 3174 lo),
1044 3099 1080 3173 ,et
1098 3089 1432 3155 Euanthem'Samium

265 3200 313 3277 (ir.
334 3201 395 3278 ll),
410 3208 441 3262 et
459 3201 629 3265 Arcesilam
645 3201 694 3282 (ir.
710 3203 761 3280 hl,
774 3219 822 3283 ap.
840 3203 875 3264 D.
895 3202 929 3264 L.
945 3203 983 3280 V,
999 3200 1063 3282 tl),
1079 3207 1109 3263 et
1128 3200 1284 3263 Stroebum
1301 3199 1350 3280 (tr.
1366 3197 1431 3280 94),

263 3313 294 3368 el
315 3309 447 3388 Pappum
472 3307 524 3388 (fr.
547 3308 612 3390 62),
636 3325 694 3372 nec
717 3325 780 3372 non
803 3311 941 3372 ἀδέσποτα
962 3312 1148 3387 ὑπομνήματα
1170 3307 1220 3389 (fl.
1244 3306 1307 3386 60).
1329 3305 1432 3380 Quum

263 3415 341 3477 lorte
353 3431 446 3478 ausus
457 3421 503 3478 est
514 3422 620 3479 contra
633 3414 858 3480 Callimachum
870 3414 1050 3496 magistrum
1062 3414 1178 3478 sentire
1189 3413 1430 3494 deLysimacho,

261 3521 311 3584 vel
332 3528 438 3586 contra
458 3522 649 3586 Demetrium
668 3523 855 3586 Phalereum
876 3524 915 3586 de
933 3521 1077 3586 AEschine
1096 3523 1222 3584 rhetore
1246 3521 1380 3584 Socratis
1401 3529 1432 3584 et

262 3627 400 3691 Platonis
419 3629 572 3712 discipulo
596 3631 645 3711 (ir.
666 3631 730 3710 ll),
751 3647 825 3694 sane
846 3629 1012 3710 utrobique
1031 3629 1108 3693 freta
1131 3631 1197 3709 ejus
1216 3635 1282 3691 erat
1302 3628 1431 3693 audacia

262 3736 354 3798 certis
366 3735 540 3801 litterarum
552 3736 776 3817 monumentis,
786 3755 921 3817 quorum
933 3737 1064 3801 alterum
1077 3737 1218 3818 ignotum
1230 3742 1288 3815 est,
1299 3737 1430 3802 alterum

261 3843 343 3906 haud
368 3843 464 3909 dubie
489 3845 689 3927 Lampsaceni
711 3846 869 3909 Idomenei
895 3845 975 3908 liber
997 3852 1042 3908 est
1066 3845 1133 3928 Περὶ
1152 3854 1207 3908 τῶν
1230 3851 1428 3928 Σωκρατικῶν.

261 3951 313 4013 Sic
345 3968 613 4032 quoque‚'qnum
642 3962 747 4018 contra
771 3952 973 4035 Theophrasti
999 3951 1182 4034 opinionem
1211 3959 1364 4033 repugnat
1392 3951 1430 4015 de

260 4059 447 4140 Empedocle
462 4060 654 4124 Parmenidis
668 4061 836 4140 imitatore,
851 4061 1040 4126 Callimacho
1056 4061 1183 4140 quidem
1198 4068 1321 4142 poetam
1335 4061 1430 4125 luisse

260 4166 476 4256 parmenidem
497 4168 623 4248 neganti
642 4169 715 4233 satis
729 4167 894 4249 consentit,
917 4169 970 4232 sed
991 4176 1097 4232 vetere
1118 4168 1212 4231 simul
1234 4169 1370 4248 quodam
1391 4169 1430 4232 de

259 4273 470 4340 Alexandrina
484 4275 673 4368 bibliotheca
693 4276 775 4340 libro
794 4275 940 4340 videlicet
953 4276 1111 4355 innititur,
1128 4281 1234 4357 utpote
1249 4276 1316 4357 qui,
1331 4278 1430 4341 Theo·-

258 4383 383 4462 phrasto
409 4383 595 4464 contrarius,
624 4384 767 4450 ordinem
795 4391 970 4466 temporum
999 4386 1131 4452 absurde
1155 4388 1270 4452 turbet.
1299 4384 1431 4451 Volebat

258 4498 362 4554 autem
370 4491 556 4573 Hermippus
564 4491 710 4574 appellari
723 4493 986 4574 peripateticus,si
995 4492 1183 4576 Hieronymo
1192 4495 1429 4576 chronographo

257 4598 427 4673 credimus;
443 4599 596 4663 mirabilis
606 4599 732 4679 quidem
744 4601 964 4681 peripateticus
978 4602 1043 4681 ille,
1059 4603 1111 4683 qui
1129 4620 1190 4667 non
1207 4603 1306 4666 solum
1324 4603 1429 4684 inepte

259 4707 406 4769 narrabat
420 4707 575 4786 quomodo
588 4706 767 4770 inchoatum
784 4715 864 4770 esset
878 4687 1020 4788 chaeum
1034 4710 1084 4790 (ir.
1100 4712 1151 4788 ll,
1167 4727 1216 4792 ap.
1233 4710 1269 4774 D.
1287 4711 1321 4772 l..
1334 4710 1371 4783 v,
1383 4709 1428 4790 Ξ),

261 4814 314 4876 sed
338 4831 379 4878 ue
396 4813 516 4895 integra
531 4815 657 4896 quidem
673 4814 827 4882 retinebat
841 4831 911 4896 quae
927 4833 943 4880 a
958 4817 1073 4882 scholae
1091 4817 1245 4899 magistris
1258 4813 1425 4883 didiceratt
