3622 5708
905 603 1067 668 ..28-

399 736 502 819 operis
519 744 605 820 parte
627 741 686 802 Bter
706 747 760 802 τῶν
780 740 925 822 ἱστορικῶν
940 737 1102 821 iuscripta,
1116 754 1213 818 quum
1235 737 1420 820 Hermippus
1435 738 1571 820 potuerit

398 845 438 910 de
452 846 631 927 Thucydide
645 845 744 927 loqui,
757 847 897 928 priorum
907 847 1071 911 rhetorum
1083 845 1249 928 discipulo,
1262 845 1294 908 in
1310 845 1398 910 libris
1415 846 1571 929 inscriptis

398 957 458 1018 Βίοι
476 963 531 1017 τῶν
553 960 689 1039 pyropo-n
713 956 753 1020 ita
772 954 867 1019 etiam
889 971 999 1036 parum
1020 953 1148 1020 difficile
1167 961 1213 1017 est
1227 954 1344 1034 fingere
1360 954 1462 1035 operis
1477 954 1570 1018 uliam

397 1068 517 1142 partem
534 1065 593 1127 Βίοι
614 1071 669 1126 τῶν
688 1072 808 1142 ποιητῶν
829 1063 1022 1145 inscriptam,
1045 1062 1118 1144 quia
1142 1063 1225 1144 apud
1246 1061 1434 1126 Albeuaeum
1457 1063 1571 1128 citatur

397 1168 558 1252 Ἕρμιππος
576 1173 590 1233 b
605 1176 763 1254 Σμυρναῖος
784 1173 814 1234 ἐν
832 1178 894 1247 τοῖς
914 1171 975 1254 πεφί
989 1169 1179 1246 Ἱππώνακτος
1198 1169 1249 1250 (11.
1272 1170 1569 1249 711),11111111113111111

397 1277 590 1358 Smyrnaeum
615 1278 816 1359 Hermippum
842 1277 987 1341 eumdem
1009 1293 1074 1340 esse
1099 1293 1135 1342 ac
1157 1283 1299 1340 nostrum
1324 1277 1568 1343 Callimacheum

398 1400 462 1447 nou
491 1384 624 1465 liqueat;
651 1386 703 1449 bic
732 1392 836 1449 autem
864 1384 956 1464 liber,
985 1383 1010 1447 si
1038 1390 1144 1448 nostro
1174 1383 1359 1448 tribuendus
1389 1385 1569 1467 Hermippo,

398 1490 583 1571 opusculum
614 1507 679 1554 esse
712 1497 832 1572 poterat
865 1491 1021 1571 quoddam
1054 1499 1240 1573 separatum.
1272 1493 1418 1572 Separata
1447 1507 1571 1572 quoque

397 1615 471 1662 sune
492 1607 581 1664 eraut
600 1616 693 1680 opera
716 1600 783 1682 Περι
806 1604 906 1680 μοὶγῶν
928 1600 1064 1681 (duobus
1083 1606 1166 1664 certe
1193 1600 1308 1680 libris),
1325 1601 1394 1684 Περὶ
1414 1605 1571 1678 νομοθετῶν

399 1706 481 1787 (octo
508 1714 592 1771 certe
621 1703 734 1786 libris),
764 1707 831 1789 Περὶ
859 1715 914 1769 τῶν
943 1709 1014 1770 ἐτ-τὰ
1041 1716 1132 1790 σοφῶν
1163 1707 1311 1789 (quatuor
1338 1714 1421 1772 certe
1450 1705 1569 1787 libris);

397 1820 535 1879 ceterum
555 1814 600 1876 illi
620 1814 741 1894 antiqui
761 1819 918 1894 νομοθετοιί,
936 1815 1018 1878 inter
1038 1833 1118 1896 quos
1132 1815 1291 1897 Lycurgus
1310 1822 1341 1878 et
1360 1814 1572 1894 Triptolemus

397 1921 447 2000 (11.
465 1921 496 1999 3,
511 1923 542 2001 1,
557 1922 599 2004 5),
618 1921 709 2002 longe
724 1922 895 1986 abhorrent
914 1923 952 1986 ab
975 1921 1023 1984 bis
1038 1928 1131 2001 νόμων
1142 1922 1258 2001 jocosis
1276 1921 1480 2003 scriptoribus
1495 1939 1572 2000 quos

398 2030 579 2093 recensebat
596 2029 814 2093 Callimachus.
836 2028 969 2094 Omnino
990 2030 1028 2094 de
1049 2030 1170 2094 duabus
1189 2030 1290 2094 solum
1310 2030 1409 2110 liquet
1432 2029 1573 2110 partibus

398 2137 499 2217 Operis
520 2141 579 2201 Βίοι
598 2146 651 2202 τῶν
671 2140 699 2199 ἑν
721 2140 832 2224 παιδείᾳ
853 2139 1075 2218 διαλαμψοίντων
1099 2137 1255 2220 inscripti,
1275 2139 1313 2201 de
1335 2136 1476 2218 patlibus
1502 2135 1571 2200 11110

397 2247 456 2306 Bler
480 2252 534 2307 τῶν
557 2250 680 2328 μητέρων
702 2251 732 2308 11
755 2248 813 2308 Blae
839 2253 895 2308 τῶν
917 2248 1075 2328 φιλοσόφων
1095 2243 1271 2326 inscriptis;
1292 2245 1346 2308 sed
1367 2244 1432 2308 1111
1454 2250 1573 2308 constat

397 2349 613 2432 Hermippum,
628 2351 716 2431 juxta
734 2368 883 2432 magnum
902 2368 979 2433 opus
999 2368 1091 2415 suum
1111 2351 1368 2428 Callimacheum,
1389 2349 1449 2416 alia
1469 2351 1573 2416 minus

396 2459 498 2539 ampla
518 2459 556 2522 de
574 2458 686 2522 vicinis
705 2460 896 2540 argumentis
916 2459 1085 2541 scripsisse.
1106 2460 1193 2522 Inter
1212 2476 1282 2539 quae
1306 2459 1473 2540 ponendus
1493 2459 1573 2524 liber

398 2567 465 2649 Περί
487 2575 541 2630 τῶν
566 2568 620 2630 ἀπὸ
644 2570 808 2650 φιλοσοφίας
832 2569 872 2643 εἰς
900 2571 1063 2650 τυραννίδας
1093 2567 1140 2630 καί
1169 2569 1332 2643 δυναστείας
1361 2572 1572 2648 μεθεστηκότων

397 2679 451 2737 aul
471 2675 537 2756 Περί
556 2682 610 2736 τῶν
632 2675 686 2737 ἀπὸ
705 2677 870 2758 φιλοσοφίας
885 2675 925 2750 εἰς
944 2677 1104 2750 δυναστείας
1125 2678 1331 2754 μεταστάντων,
1350 2673 1376 2737 si
1393 2675 1449 2738 hos
1468 2676 1573 2739 titulos

398 2779 430 2844 iu
452 2779 609 2845 indicibus
637 2781 893 2845 Academicorum
921 2787 952 2844 et
980 2781 1155 2846 Stoicorum
1181 2780 1462 2846 herculaneusibus
1488 2790 1572 2846 recte

397 2887 621 2968 suppleverunt
637 2888 844 2952 Buechelerus
855 2894 886 2951 et
900 2888 1189 2970 Comparettius,de
1203 2905 1265 2968 qua
1280 2904 1313 2952 re
1328 2888 1420 2953 nobis
1430 2888 1573 2954 dubitare

397 2995 482 3076 licet,
497 3013 684 3076 quamquam
700 2996 853 3060 nonnulla
869 2996 1028 3079 Hermippi
1043 2997 1215 3076 fragmenta
1230 2996 1268 3060 ad
1279 2996 1340 3060 boc
1354 3004 1572 3077 argumentum

397 3106 556 3185 pertinent
573 3105 624 3185 (11,
644 3105 683 3166 21
702 3104 802 3182 1,.18,
823 3104 886 3184 52).
909 3104 941 3168 Si
962 3103 1149 3185 Hermippus
1174 3104 1229 3168 bas
1251 3105 1290 3167 de
1316 3104 1425 3168 eadem
1444 3105 1573 3169 materia

398 3228 496 3291 eaque
518 3219 646 3292 angusta
666 3211 916 3277 narratiunculas
938 3210 1075 3292 collegit,
1098 3211 1234 3274 scribere
1260 3210 1361 3293 poluit
1385 3219 1417 3276 et
1439 3211 1573 3276 similem

399 3319 515 3382 librum
539 3320 606 3402 Περὶ
630 3328 685 3382 τῶν
711 3321 740 3381 ὲν
764 3322 875 3405 παιδείᾳ
898 3321 1109 3402 &sarpedonem
1137 3321 1258 3397 δούλων,
1289 3334 1383 3398 quem
1411 3319 1571 3400 Hermippl

398 3427 525 3507 berytii,
560 3427 718 3491 Hadriano
747 3423 889 3508 aequulis,
918 3443 983 3490 essa
1016 3425 1093 3491 dicit
1124 3426 1158 3490 d.
1193 3425 1372 3504 Muellerus,
1403 3443 1438 3490 ea
1471 3425 1572 3490 solum

399 3533 531 3598 ratione.
552 3536 648 3598 lretus
681 3536 763 3615 quod
794 3537 880 3598 buno
913 3534 1071 3614 Berytium
1100 3532 1196 3598 luisse
1224 3551 1349 3598 serrum
1379 3543 1572 3614 compertum

398 3644 559 3707 babemus.
577 3643 744 3724 Hermippo
766 3643 888 3723 Beryllo
910 3641 1079 3716 Naucltius,
1097 3641 1178 3705 miro
1197 3641 1327 3722 quidem
1344 3657 1463 3720 errore,
1479 3658 1573 3720 quem

398 3750 524 3830 egregie
543 3749 714 3814 confutavit
736 3749 931 3812 Nietzscbius
954 3750 997 3830 (p.
1024 3749 1106 3829 191),
1129 3747 1235 3813 omnia
1257 3747 1460 3813 Callimaohei
1479 3765 1573 3830 opera

399 3858 610 3934 adscribebat3
636 3857 739 3920 eidem
759 3857 793 3920 tt.
821 3856 989 3922 Muellerus
1016 3856 1151 3920 nimium
1178 3856 1272 3920 etiam
1300 3855 1398 3920 multa
1427 3854 1574 3920 adscribit

399 3968 436 4046 (t.
453 3967 501 4042 ttt,
516 3984 547 4047 p.
564 3967 615 4045 31,
630 3967 667 4028 bl
693 3963 789 4046 sulp),
806 3982 918 4048 nempe
939 3971 1050 4030 cuncta
1070 3980 1163 4046 opera
1178 3981 1249 4044 quse
1268 3964 1372 4029 ordini
1393 3964 1496 4046 operis
1514 3967 1573 4027 Βίοι

399 4074 540 4156 inscripti
562 4092 625 4138 non
646 4079 776 4155 possunt
797 4072 1011 4152 annumerari,
1034 4078 1070 4135 ut
1094 4071 1210 4137 librum
1236 4057 1303 4156 Περὶ
1330 4072 1574 4154 poyovyjamne

399 4199 472 4247 vero
492 4181 658 4246 Muellerus
676 4181 752 4246 huic
772 4181 920 4245 Hadriani
937 4180 1049 4262 aequali
1065 4178 1180 4244 librum
1196 4181 1325 4260 tribuat,
1341 4179 1428 4260 cujus
1442 4179 1573 4259 mentm,

398 4290 466 4355 'lito
483 4291 666 4372 imperante,
683 4289 844 4354 cineribus
858 4288 984 4353 Vesuvii
1000 4289 1109 4354 obruta
1122 4288 1190 4350 esti

397 4550 400 4560 ·
437 4506 483 4570 Ad
513 4504 1260 4586 1111111111111111111111110111111111111
1295 4522 1426 4586 operum
1455 4504 1575 4569 indices

398 4618 532 4696 intepros
566 4613 771 4695 Hermippum
805 4613 974 4677 inseruisse
1007 4612 1203 4677 Nietzscbius
1238 4613 1293 4694 (p.
1332 4612 1412 4693 193)
1448 4614 1572 4690 asserit3

398 4755 438 4770 -
477 4721 596 4786 indices
636 4720 804 4784 inseruisse
844 4718 1050 4802 Hermippum
1087 4719 1200 4799 liquet,
1243 4725 1306 4783 uo'n
1348 4736 1387 4782 ex
1428 4719 1574 4784 omnibus

398 4827 585 4894 testimoniis
611 4826 831 4906 aMietzscbio
856 4826 994 4891 111111ῑί1
1018 4829 1061 4909 (p.
1091 4826 1175 4906 189),
1199 4827 1252 4890 111
1275 4843 1292 4890 1
1312 4827 1435 4893 duobus
1455 4826 1574 4893 ultimis
