3622 5708
788 619 945 682 ..37-

282 769 390 818 revera
404 754 516 834 longus
531 754 718 835 amplasque
733 753 827 817 luerit
842 754 895 816 ille
910 755 1088 831 thesaurus,
1104 753 1254 835 suspicari
1270 751 1456 832 nequimus,

283 867 427 941 quartum
449 861 566 924 librum
591 861 696 926 laudat
718 861 860 924 Laertius
882 861 945 942 (Vl,
968 861 1033 940 80),
1054 861 1108 924 ubi
1130 862 1168 924 de
1190 860 1328 940 Diogene
1348 859 1457 940 cynico

283 985 331 1031 res
342 974 427 1031 erat:
444 975 549 1032 utrum
561 987 635 1032 vero
647 969 823 1048 quartosde
838 968 1031 1049 philosophis
1046 985 1085 1031 an
1101 975 1230 1048 quartus
1245 967 1339 1032 totius
1355 967 1458 1050 operis

283 1076 427 1141 laudetur
450 1077 543 1156 liber,
559 1077 727 1141 incertum.

321 1185 467 1248 Constare
482 1184 715 1249 solumridetnr
723 1190 844 1266 partem
852 1184 1230 1267 philosophisdedioatam
1238 1201 1309 1248 cnm
1320 1184 1457 1248 Sotionis

282 1310 374 1375 opere
397 1296 435 1357 de
460 1294 618 1376 proposito
644 1294 894 1376 discreparisse:
922 1293 1037 1376 quippe
1063 1294 1199 1373 Satyrus,
1222 1292 1456 1373 religiosissimo

279 1401 381 1465 studio
396 1400 474 1466 ritas
488 1402 664 1465 describere
684 1401 758 1466 satis
780 1402 912 1480 habens,
937 1400 1151 1464 doctrinarum
1175 1416 1274 1464 nexus
1298 1399 1457 1479 explicare

280 1509 475 1586 fastidiebam
490 1527 596 1590 neque
611 1509 782 1590 quidquam
798 1515 926 1591 apparet
951 1507 1143 1572 contrarium
1157 1525 1174 1570 e
1190 1509 1312 1572 duobus
1341 1508 1457 1571 Laertii

281 1615 357 1680 locis
369 1617 401 1680 in
411 1618 525 1698 quibus
533 1617 697 1682 invocatur
706 1618 832 1698 Satyrus
840 1617 877 1680 de
888 1616 1015 1681 Platone
1028 1615 1181 1679 librorum
1196 1616 1457 1695 pythagoreorum

282 1732 420 1806 emptore
449 1726 508 1806 (ΙΙΙ,
539 1725 570 1802 9)
600 1731 631 1788 et
657 1727 695 1788 de
724 1724 835 1804 Gorgia
862 1723 1059 1805 Empedoclis
1087 1723 1271 1802 aliquandiu
1310 1723 1456 1787 familiari

253 1829 257 1832 ’
281 1831 368 1911 (VHl,
389 1833 440 1909 58)
460 1852 466 1894 :
489 1849 559 1912 qnae
581 1831 699 1895 mentio
722 1849 739 1895 e
759 1831 822 1895 rita
845 1830 1043 1912 Empedoclis
1063 1848 1080 1894 a
1101 1830 1208 1911 Satyro
1234 1831 1358 1912 scripta,
1385 1848 1456 1896 meo

281 1939 407 2018 quidem
417 1939 549 2020 judicio,
565 1945 708 2020 excerpta
724 1945 782 2018 est,
796 1939 912 2021 quippe
923 1937 1050 2018 Gorgias
1065 1955 1129 2002 non
1141 1939 1206 2018 jam
1221 1937 1304 2002 inter
1318 1939 1457 2021 philoso-

280 2047 367 2127 phos,
384 2047 575 2112 Callimacho
596 2054 735 2126 auctore,
755 2053 899 2128 utsupra
919 2046 1055 2110 diximus
1072 2046 1118 2127 (p.
1138 2048 1203 2126 23),
1219 2049 1454 2114 numerabatur.

321 2156 380 2218 Ter
393 2155 535 2220 Laertius
545 2172 619 2219 enm
629 2155 774 2236 producit
786 2172 803 2218 a
815 2155 943 2219 Sotione
955 2153 1189 2217 dissentientem
1200 2174 1207 2216 :
1220 2155 1317 2218 semel
1328 2155 1455 2236 quidem

281 2263 319 2326 de
334 2280 368 2326 re
383 2262 487 2343 aliqua
502 2263 588 2327 inani
604 2263 692 2344 (Vlll,
707 2262 775 2344 53);
791 2261 905 2326 iterum
920 2279 995 2325 vero
1015 2261 1055 2324 de
1072 2261 1255 2340 Anaxagora
1275 2262 1454 2328 insimulato

280 2371 409 2435 Sotione
434 2371 637 2434 verisimilior
660 2371 785 2450 Satyrus
809 2377 855 2432 est
879 2370 927 2450 (ll,
954 2370 1021 2450 l2);
1048 2370 1134 2433 idem
1158 2369 1296 2450 denique
1320 2371 1358 2434 de
1383 2389 1455 2453 ope-

280 2478 366 2542 ribus
382 2479 510 2558 Diogeni
536 2478 649 2557 Cynico
666 2476 822 2541 attributis
849 2476 912 2558 (Vl,
928 2475 982 2557 80)
997 2477 1126 2540 Sotione
1153 2476 1360 2561 κριτικώτερος.
1382 2479 1454 2543 ldeo

280 2586 440 2650 Sotionem
454 2604 511 2667 par
525 2592 571 2648 est
584 2587 712 2649 credere
728 2590 817 2649 aetate
832 2585 926 2649 luisse
941 2585 1080 2648 medium
1100 2584 1183 2647 inter
1197 2585 1400 2666 Hermippum
1420 2604 1455 2651 ac

280 2694 423 2774 Satyrum
441 2714 447 2755 :
465 2695 592 2757 videtur
612 2693 755 2756 ssornisse
775 2691 977 2774 Hermippus,
994 2691 1176 2756 Callimachi
1191 2692 1374 2773 discipulus,
1390 2695 1454 2758 lere

279 2805 389 2866 eodem
403 2810 542 2884 tempore
556 2820 618 2882 qno
639 2802 776 2883 praelecti
795 2802 922 2864 inerunt
937 2800 1159 2865 Alexandrinae
1173 2799 1372 2866 bibliothecae
1386 2811 1454 2884 post

280 2909 1453 2991 CallimachumEratosthenes(annislereldblbb)etApollouinsRhodius

280 3019 384 3098 (annis
410 3019 558 3096 lab-lea),
576 3017 660 3081 Solio
686 3017 789 3098 potins
813 3017 870 3080 sub
893 3016 1004 3080 eodem
1027 3016 1193 3098 Apollonio
1218 3034 1277 3082 nec
1301 3035 1366 3082 non
1394 3020 1452 3083 snb

273 3126 484 3208 Aristophane
514 3125 659 3206 Byzantio
690 3124 794 3206 (annis
824 3124 978 3206 mella),
1020 3125 1145 3206 Satyrus
1177 3125 1234 3188 sub
1272 3124 1451 3192 Aristarcho

278 3234 424 3313 magistro
454 3233 558 3314 (annis
586 3233 745 3297 lla-lbet
768 3232 859 3311 lblt)
885 3233 936 3314 (¹).
966 3233 1075 3312 Neque
1103 3232 1187 3295 enim
1216 3234 1380 3314 ponendus
1407 3241 1454 3300 est

278 3342 404 3422 Satyrus
425 3348 514 3406 aetate
539 3341 684 3420 magistro
708 3340 850 3418 inferior,
873 3341 947 3421 qnia
968 3340 1062 3404 simnl
1083 3340 1259 3404 breviatore
1283 3344 1341 3405 suo
1366 3341 1453 3423 prior

278 3455 447 3530 poneretur
485 3447 660 3527 Heraclide,
696 3447 853 3511 Ptolemaei
888 3447 1314 3530 Philometoria·(l81-llr7),
1346 3448 1453 3513 idest

278 3557 456 3631 Aristarchi,
475 3556 601 3636 aequali.

317 3665 428 3728 Mirum
453 3673 499 3727 est
523 3667 660 3744 proiecto
690 3662 824 3744 aequales
853 3663 996 3728 invenire
1024 3665 1219 3744 magistrum,
1250 3665 1450 3748 discipulum,

279 3771 423 3852 discipuli
439 3771 663 3846 breviatorem3
680 3772 763 3852 quod
779 3779 880 3836 tamen
897 3789 959 3835 non
984 3771 1112 3836 omnino
1136 3790 1153 3836 a
1176 3790 1251 3836 vero
1280 3775 1450 3838 abhorret:

278 3881 411 3944 verbnm
426 3880 512 3943 enim
527 3879 679 3964 γνώριμος,
696 3880 734 3943 de
748 3879 918 3944 Aristarchi
933 3886 964 3942 et
979 3881 1079 3964 Satyri
1108 3882 1294 3946 commercio
1320 3883 1450 3963 dictum,

278 3987 320 4052 ita
335 3988 434 4068 accipi
462 3993 613 4070 potestur
630 3988 760 4050 minime
783 3987 937 4066 significet
960 3989 1170 4051 adolescentem
1194 3990 1289 4053 aetoli
1310 3992 1453 4070 magistri

278 4097 453 4168 auditorem,
478 4096 635 4159 sedidem
658 4096 760 4160 valeat
784 4102 875 4176 atque
907 4096 1084 4176 hujusmodi
1098 4098 1194 4161 verba
1213 4116 1219 4158 :
1241 4098 1411 4178 familiaris
1424 4106 1453 4164 et
1526 4125 1530 4138 ·

278 4201 1449 4284 emuloschcujucdestituerentur,crrctorttcte,honoribusloupeproestaetls,

277 4319 365 4376 etate
378 4313 484 4374 saltem
498 4313 560 4392 sere
574 4312 715 4390 equalis·
729 4310 907 4375 Heraclides
928 4317 1032 4376 autem
1055 4313 1219 4376 Ptolemaeo
1246 4312 1449 4377 Philometori

278 4436 313 4484 ac
328 4419 435 4499 Satyro
450 4417 638 4498 superfuisse
653 4424 766 4498 potest,
781 4426 811 4481 et
825 4417 925 4498 Satyri
940 4423 1022 4495 Βίους
1037 4426 1105 4500 post
1122 4420 1258 4483 auctoris
1270 4426 1402 4483 mortem
1415 4419 1447 4482 in

277 4527 371 4590 brere
387 4525 522 4606 coegisse
538 4526 590 4607 (cl.
605 4525 638 4588 C.
666 4525 863 4605 Muellerum,
879 4533 899 4588 t.
916 4526 965 4606 lll,
984 4544 1014 4607 p.
1035 4528 1115 4606 liiii).
1139 4563 1179 4574 -
1200 4527 1268 4590 Nisi
1284 4527 1355 4607 quis
1370 4528 1448 4590 forte

277 4622 366 4697 malit
380 4634 496 4713 tingere
511 4631 607 4712 Satyri
625 4648 702 4712 opus
716 4631 749 4694 in
764 4633 857 4695 breve
874 4641 1014 4697 coactum
1030 4651 1096 4697 esse
1110 4635 1148 4697 ab
1164 4635 1297 4698 obscuro
1313 4638 1448 4715 quodam

312 4867 343 4932 (¹)
354 4869 388 4916 lle
400 4868 488 4918 horum
501 4869 641 4931 temporum
653 4865 790 4927 notatione,
801 4865 859 4918 ride
871 4867 958 4927 Gouat,
969 4867 1107 4928 domenico,
1120 4871 1181 4930 etc„
1193 4881 1218 4932 p.
1230 4869 1284 4918 lob.
