3622 5708
845 612 1005 676 ..56-

339 745 514 810 minoribus
534 751 655 812 tantum
671 744 898 826 questionibus
912 763 968 828 par
988 745 1163 825 ingenium,
1179 745 1212 808 in
1234 746 1339 810 arduis
1359 751 1461 810 autem
1484 752 1515 810 et

339 852 504 935 praecipuis
528 854 651 938 ἄκριτον,
676 851 815 931 levibus,
846 852 1045 931 dividetur,
1076 854 1114 916 de
1143 852 1254 933 causis,
1284 853 1514 933 utplurimum

339 959 492 1024 librorum
529 967 701 1026 amatorem
738 967 769 1024 et
801 960 995 1040 helluonem,
1024 960 1284 1043 philosophorum
1313 961 1514 1043 physicorum

340 1067 637 1132 antesooraticorum
673 1083 767 1148 quam
801 1067 980 1133 instituerat
1014 1069 1243 1151 Theophrastus
1286 1069 1513 1134 successionem

243 1185 245 1192 “
343 1174 584 1256 perturbavisse.

383 1391 413 1453 7.
429 1389 464 1452 D.
482 1391 516 1454 L.
534 1390 585 1470 lx,
600 1391 650 1454 21.
668 1393 900 1476 -Παρμενίδης
921 1393 1049 1475 Πύρητος
1074 1390 1212 1470 Ἐλεάτης
1235 1394 1364 1470 διήκουσε
1389 1391 1514 1474 Ξενοφά-

341 1522 414 1574 νους.
444 1503 546 1560 Τοῦτον
574 1501 754 1581 Θεόφραστος
783 1500 811 1560 ἐν
833 1509 869 1584 τῇ
895 1501 1014 1584 ἐπιτομῇ
1036 1497 1255 1583 Ἀναξιμάνδρου
1281 1499 1361 1583 φησίν
1386 1501 1512 1563 άκοῦοαι.

342 1605 444 1683 Ὅμως
458 1603 542 1668 δὀθν
558 1606 680 1680 ἀκούσαις
695 1605 742 1667 καὶ
757 1604 931 1688 Ξενοφάνους
945 1608 994 1669 οὐκ
1009 1609 1202 1685 ἠκολούθησεν
1223 1609 1307 1688 αὐτῷ.
1330 1605 1515 1685 Ἐκοινώνηοε

344 1716 374 1776 δὲ
400 1712 447 1776 καί
471 1711 597 1797 Ἀμεινίᾳ
621 1713 668 1775 καὶ
693 1716 829 1797 Διοχαίτῃ
850 1723 889 1795 τῷ
911 1718 1107 1798 Πυθαγορικῷ,
1134 1717 1173 1790 ὡς
1203 1717 1253 1798 ἔφη
1283 1717 1409 1792 Σωτίων,
1437 1715 1515 1797 άνδρί

344 1825 442 1898 πένητι
458 1825 520 1900 μέν,
537 1822 619 1901 καλῷ
634 1822 664 1882 δὲ
679 1820 796 1900 κάγαθῷ
815 1844 821 1858 ·
838 1819 861 1901 ᾧ
877 1820 923 1882 καί
940 1822 1052 1898 μᾶλλον
1066 1823 1244 1900 ἠκολούθησε
1264 1822 1311 1884 καὶ
1330 1823 1527 1896 ἀποθανόντος

343 1931 434 2010 ἡρῷον
455 1930 594 2011 ἱδρύσατο.
615 1933 715 2004 Γένους
734 1927 763 1990 θ’
781 1930 913 2011 ὑπάρχων
933 1931 1063 2012 λαμπροῦ
1083 1930 1130 1992 κοί
1145 1932 1278 2004 πλοθοιος
1296 1929 1345 1992 ὑπ’
1364 1928 1513 2008 Ἀμεινίου,

347 2035 420 2098 ἀλλ’
435 2037 486 2117 οὐχ
500 2037 551 2098 θπδ
566 2034 753 2118 Ξενοφάνους,
770 2036 811 2111 είς
825 2037 944 2116 ἡσυχίαν
958 2040 1131 2118 προετράπη.

385 2142 443 2205 Hic
468 2141 566 2222 locus,
590 2148 624 2205 ut
647 2140 753 2222 magni
776 2140 869 2222 pretii
890 2141 981 2205 nobis
1003 2148 1062 2220 est,
1082 2141 1124 2206 ita
1149 2142 1255 2206 multis
1280 2141 1515 2208 difficultatibus

347 2248 523 2331 impeditus.

385 2358 533 2434 Primum,
550 2357 675 2422 uidetur
693 2356 834 2422 Laenius
854 2365 1013 2422 auctorem
1031 2375 1093 2422 non
1116 2357 1304 2424 intellexisse
1324 2373 1417 2439 quem
1432 2362 1515 2422 trau·

341 2467 510 2530 scribebat.
523 2466 624 2531 Verba
636 2465 700 2546 ipsa
712 2465 928 2546 Theophrasti,
941 2482 1003 2530 nou
1019 2466 1124 2546 qualia
1137 2465 1168 2529 in
1181 2465 1329 2547 epitome,
1343 2466 1396 2529 sed
1410 2462 1514 2545 qualia

347 2573 378 2638 in
401 2573 516 2652 majore
538 2588 631 2654 opere
654 2576 697 2653 (v.
717 2589 810 2654 supra
830 2589 897 2653 cap.
918 2573 940 2645 l,
962 2591 993 2655 p.
1020 2574 1119 2654 tra-tt)
1141 2574 1336 2654 legebantur,
1355 2574 1421 2652 jam
1443 2578 1517 2636 sunt

346 2681 641 2744 commemoranda:
667 2683 763 2762 Τούτῳ
784 2680 828 2761 (id
852 2688 899 2743 est
918 2681 1117 2762 Xenophaui)
1143 2681 1172 2744 δ’
1187 2683 1381 2760 ἐπιγενόμενος
1401 2685 1516 2763 Παρμε-

345 2792 424 2868 νίδης
443 2793 571 2873 Πθρητος
590 2789 604 2850 δ
624 2786 799 2866 Ἐλεάτης...
823 2788 873 2868 (θ’.
890 2787 959 2868 ἶνίν),
979 2823 1016 2834 -
1037 2789 1182 2872 Ξενοφάνη
1203 2791 1250 2850 τδν
1270 2786 1450 2871 Κολοφώνιον
1469 2790 1516 2851 τδν

348 2898 522 2979 Παρμενίδου
537 2897 742 2958 διδάσκαλον...
760 2895 812 2976 (Π.
827 2896 893 2976 td).
908 2896 1210 2978 Nolemllspt·i1nt11n
1225 2896 1320 2959 verba
1338 2899 1517 2980 Παρμενίδης

347 3009 475 3088 Πύρητος
495 3006 511 3066 t
531 3002 671 3082 Ἐλεάτης
696 3005 886 3068 adverbum
910 3005 993 3086 apud
1019 3005 1176 3068 laertium
1201 3003 1364 3084 descripta.
1385 3002 1516 3083 Deinde,

346 3129 444 3193 quum
457 3112 689 3194 Theophrastus
711 3112 930 3175 Parmenidem
950 3112 1152 3193 Xenophanis
1168 3111 1356 3192 discipulum
1378 3110 1516 3189 dixisset,

348 3236 412 3283 non
432 3225 463 3282 et
487 3219 608 3283 dixerat
627 3217 869 3296 Anaximandrl;
900 3219 974 3284 inde
1003 3226 1129 3301 apparet
1156 3235 1328 3301 pronomen
1354 3226 1449 3283 τοῦτον
1479 3219 1517 3281 de

345 3329 549 3410 Xenophane,
575 3343 639 3390 nou
664 3327 704 3390 de
728 3326 925 3406 Parmenide,
945 3327 1149 3392 audiendum.
1173 3327 1254 3390 Sane
1275 3327 1516 3408 Theophrastus,

347 3437 427 3499 hanc
459 3435 686 3500 successionem
720 3434 753 3497 in
783 3434 924 3516 Epitome
959 3435 1095 3500 breviter
1127 3435 1332 3512 contrahens,
1361 3435 1420 3497 hoc
1454 3434 1517 3497 lere

346 3543 496 3606 dixerat:
521 3567 533 3600 ι
556 3541 770 3619 Parmenides,
793 3541 964 3622 discipulus
988 3540 1206 3623 Xenophanis,
1231 3541 1376 3621 discipuli
1404 3541 1518 3605 Anaxi-

345 3649 481 3729 mandri,
497 3673 508 3706 ι
535 3656 628 3731 atque
650 3649 692 3713 ita
712 3649 839 3714 Milesiae
853 3649 972 3725 ,scholae
991 3649 1129 3713 Eleatem
1148 3649 1358 3728 subjunxerat.
1377 3649 1517 3713 Laertius

345 3765 461 3835 autem,
487 3762 645 3822 auctorem
669 3756 824 3820 incertum
850 3758 1036 3821 contrahens
1061 3774 1078 3820 a
1103 3774 1165 3836 quo
1191 3756 1302 3821 citatus
1325 3764 1391 3820 erat
1418 3758 1518 3820 Theo-

344 3865 500 3945 phrastus,
522 3881 619 3946 quum
639 3863 820 3927 credidisset
840 3864 1026 3946 pronomine
1047 3872 1144 3928 τοῦτον
1169 3863 1383 3928 Parmenidem
1404 3865 1518 3944 signib-

346 3971 421 4050 call,
440 3972 519 4036 lianc
534 3970 742 4035 sententiam:
759 3978 855 4035 τοῦτον
870 3976 1048 4055 Θεόφραστος
1063 3974 1091 4034 ἐν
1105 3984 1140 4057 τῇ
1161 3973 1280 4058 ἐπιτομῇ
1301 3969 1517 4055 ’Ἀναξιμάνδρου

346 4079 426 4162 φησίν
440 4081 567 4156 ἀκοῦσαι,
581 4078 663 4143 male
679 4077 835 4142 intellexit
850 4079 957 4159 (quiam
971 4080 1100 4158 quidem
1113 4077 1297 4161 interpretes
1308 4095 1344 4142 eo
1360 4086 1517 4160 praeunte

346 4193 376 4250 et
397 4185 455 4267 ipsi
475 4202 638 4268 perperam
657 4185 905 4267 intellexerunt),
921 4194 952 4250 et
970 4186 1003 4250 in
1024 4186 1089 4250 vita
1109 4185 1313 4266 Parmenidls,
1333 4202 1396 4249 nou
1416 4187 1518 4250 Xeno·

347 4293 471 4374 phanis,
486 4292 676 4376 perscripsit.

388 4402 468 4467 Huic
482 4408 587 4468 autem
601 4402 839 4485 Theophrasteae
860 4405 978 4489 διαδοχῇ
998 4402 1083 4467 Solio
1101 4405 1303 4470 adversatur:
1320 4403 1434 4484 quippe
1449 4402 1515 4483 qui,

347 4509 380 4572 in
402 4509 508 4590 aliquo
531 4508 692 4574 uolumine
715 4510 798 4590 quod
820 4508 935 4590 pulvis,
959 4515 1041 4573 certe
1061 4527 1125 4573 non
1149 4511 1319 4589 immerito,
1341 4510 1516 4590 obtegebat,

347 4616 503 4683 Aminiam
519 4625 549 4683 et
564 4618 755 4682 Diochaetem
771 4617 902 4694 detexit;
920 4617 992 4682 inde
1006 4620 1158 4701 superbus
1173 4617 1377 4701 Theophrasti
1392 4617 1519 4682 misere·
1606 4669 1614 4676 ,

346 4729 570 4807 tandemque
598 4725 669 4791 illos
697 4728 844 4792 obscuros
872 4729 1102 4809 καλοκάγαθοὺς,
1133 4727 1291 4792 non'siue
1315 4726 1518 4810 Xenophanis

347 4835 551 4914 detrimento,
573 4833 713 4915 extollit,
739 4851 918 4916 nexumque
939 4834 1089 4900 doctrinae
1111 4841 1182 4900 aute
1204 4833 1305 4916 ipsum
1327 4852 1390 4899 non
1413 4835 1518 4900 minus
