3622 5708
690 665 694 679 ·
810 643 969 706 -tb-

351 793 458 840 -seu
474 779 648 857 rhetorum,
664 784 699 841 ut

446 921 485 930 -
499 886 727 965 hucrnauaurrs,
737 886 858 966 Gorgiae
869 884 1014 966 discipuli
1024 884 1108 967 (uide
1119 885 1154 948 b.
1169 885 1204 948 L.
1217 885 1269 963 tx,
1279 885 1331 962 bin
1345 886 1479 967 Sauppe,

542 995 724 1075 Fragmenta
745 1000 914 1068 oratorum,
934 993 1017 1074 151),
1032 993 1086 1073 qui
1102 995 1131 1055 ἐν
1150 1003 1189 1075 τῷ
1205 1002 1309 1077 φυσικῷ
1328 993 1483 1058 asserebat

539 1104 613 1165 κατὰ
631 1105 695 1178 τοὺς
715 1105 813 1178 αὐτοὺς
826 1107 945 1186 χρόνους
958 1107 1074 1180 Ζήνωνα
1087 1101 1135 1165 καί
1155 1099 1351 1179 Ἐμπεδοκλέα
1366 1103 1480 1165 ἀκοῦσαι

539 1213 725 1294 Παρμενίδου,
746 1208 928 1294 εἶθ’ὕσσεφσν
947 1211 1145 1294 ἀποχωρῆσαι,
1165 1209 1214 1273 καί
1232 1212 1278 1272 τὸν
1298 1213 1348 1288 μὲν
1363 1214 1481 1288 Ζήνωνα

540 1316 608 1380 κατ’
623 1319 693 1380 ἰδίαν
713 1311 914 1400 φιλοσοφῆσαι,
940 1320 987 1381 τὶν
1006 1317 1035 1380 δ’
1054 1315 1245 1400 Ἀναξαγόρου
1270 1318 1411 1410 διακοῦσαι
1434 1316 1482 1380 aad
1555 1310 1557 1314 ’

540 1428 705 1508 Πυθαγόρου
721 1448 728 1462 ·
744 1423 792 1487 καί
806 1419 853 1488 τοῦ
870 1428 920 1504 μὲν
936 1427 986 1503 τὴν
1001 1429 1158 1503 σεμνότητα
1172 1427 1298 1503 ζηλῶσαι
1313 1428 1361 1487 τοῦ
1375 1449 1406 1488 σε
1422 1426 1482 1502 βίον

537 1532 586 1595 καί
599 1534 647 1594 τοῦ
663 1536 819 1614 σχήματος,
837 1537 885 1597 τοῦ
901 1535 996 1610 δὲτὴν
1012 1533 1194 1615 φυσιολογίαν
1209 1530 1258 1611 (b.
1273 1530 1307 1592 L.
1317 1531 1392 1604 VIII,
1409 1531 1461 1611 56)
1469 1551 1479 1607 ;

443 1675 483 1688 -
498 1639 617 1718 aiom,
644 1638 794 1721 stilponis
818 1641 946 1720 quidem
973 1639 1089 1704 scholae
1116 1639 1341 1722 philosophIcae
1365 1638 1480 1702 addicti

538 1747 588 1828 (ll.
601 1747 636 1810 L.
650 1748 685 1826 ll,
704 1749 786 1828 111),
803 1751 857 1830 qui
872 1749 1081 1813 contendebat
1095 1748 1232 1830 plurima
1246 1747 1406 1811 Platonem
1420 1746 1480 1810 sibi

540 1857 578 1920 de
591 1855 770 1937 Epicharmi
786 1855 979 1938 pythagorici
993 1855 1084 1921 libris
1097 1855 1298 1937 assumpsisse
1312 1856 1362 1936 (ll.
1380 1857 1413 1918 L.
1430 1854 1477 1934 lll,

537 1965 667 2046 lauch

304 2075 337 2136 2⁰
352 2074 472 2137 Truours
496 2072 623 2137 Phliasii
648 2077 763 2153 Σίλλου,
790 2080 942 2155 quantum
968 2072 1126 2138 historicae
1150 2071 1291 2137 veritatis
1314 2073 1346 2135 in
1370 2073 1479 2138 acerba

405 2181 497 2245 satira
513 2187 689 2262 supererat3
1551 2168 1554 2174 ’

305 2288 337 2350 30
351 2288 488 2351 locurum
507 2288 600 2365 liber,
621 2288 800 2369 inscriptus,
821 2289 902 2352 sicut
920 2295 951 2352 et
970 2289 1110 2368 Phaniae,
1130 2289 1199 2374 Περί
1218 2299 1272 2353 τῶν
1289 2295 1478 2374 Σωκρατικῶν

405 2395 507 2476 (th.
529 2395 564 2475 ll,
587 2397 623 2460 19
644 2404 675 2459 et
695 2397 749 2473 603
769 2396 816 2470 Ill,
838 2396 892 2471 36;
913 2396 1094 2476 Athenaeus,
1113 2397 1188 2476 XIII,
1209 2414 1239 2478 p.
1263 2397 1332 2471 611,
1359 2414 1422 2477 quo
1440 2414 1478 2461 ert

404 2503 474 2567 loco
499 2509 583 2586 patet
608 2504 722 2568 Laertii
746 2504 817 2567 libri
839 2505 864 2567 ll
890 2512 983 2586 caput
1004 2505 1043 2569 60
1065 2505 1163 2568 lluere
1183 2511 1283 2568 totum
1306 2522 1343 2568 ex
1368 2506 1479 2569 eodem

405 2613 558 2692 auctore),
583 2612 674 2676 modo
696 2613 879 2677 Idomeneus
906 2613 958 2676 ille
981 2613 1064 2678 idem
1089 2613 1129 2676 sit
1152 2620 1245 2693 atque
1264 2613 1315 2677 hic
1333 2614 1478 2694 Lampsa·

282 2697 284 2706 ¹
404 2737 513 2800 oenus,
541 2719 668 2800 Epicuri
697 2719 870 2799 familiaris,
897 2721 930 2784 in
959 2721 1122 2786 Laertiana
1149 2720 1276 2803 Epicuri
1306 2721 1370 2786 vita
1395 2739 1477 2802 saepe

405 2827 558 2902 laudatus,
577 2828 659 2907 quod
681 2845 756 2892 sane
779 2828 987 2893 confidentius
1010 2829 1119 2894 asserit
1142 2829 1175 2893 G.
1199 2828 1368 2894 Muellerus
1386 2830 1422 2907 (t.
1442 2828 1477 2908 ll,

404 2934 619 3018 1189111.)

304 3044 336 3105 1ο
350 3041 538 3107 'lestimonia
563 3042 601 3106 ad
627 3042 762 3106 Stoicam
787 3043 924 3108 scholam
947 3061 1049 3125 nuper
1069 3050 1167 3108 ortam
1188 3043 1391 3126 pertinentia,
1407 3060 1476 3124 quae

404 3150 474 3233 plus
494 3149 598 3214 miuus
618 3149 740 3232 copiosa
761 3150 1006 3216 inveniebantur
1024 3151 1057 3215 in
1076 3149 1199 3234 scriptis
1218 3153 1333 3214 Pensm
1348 3151 1478 3215 Gittien·

403 3258 454 3336 sis,
471 3256 604 3321 Zenonis
619 3258 764 3340 discipuli
780 3259 829 3338 (ll.
846 3260 881 3322 L.
897 3260 962 3338 Vll,
980 3260 994 3322 1
1011 3266 1042 3322 et
1055 3259 1120 3341 lli);

304 3368 337 3430 5⁰
350 3366 537 3430 Testimonia
554 3365 592 3430 de
607 3365 741 3447 Epicuro
757 3372 787 3429 et
801 3365 908 3447 primis
923 3367 990 3445 ejus
1005 3365 1182 3448 discipulis,
1198 3367 1388 3432 invenIenda
1403 3384 1478 3431 sane

404 3473 437 3537 in
461 3474 550 3537 libris
574 3473 743 3537 Marnoooar
769 3474 970 3554 Lampsaceni
993 3481 1046 3538 aut
1067 3475 1254 3556 Hnnuancrn,
1280 3476 1418 3556 prolecto
1443 3475 1474 3538 in

404 3581 493 3646 libris
514 3583 635 3645 Ermum
660 3581 767 3662 ipsius,
795 3580 849 3661 qui
873 3599 906 3644 se
928 3581 994 3662 ipse
1016 3583 1219 3664 profitebatur
1240 3585 1476 3646 σιίσσδιδσίσκαλσν

405 3691 452 3771 (ll.
468 3691 502 3752 L.
519 3690 557 3769 X,
577 3690 638 3770 13),
654 3696 685 3752 et
699 3690 910 3754 demonstrare
926 3690 1085 3755 nitebatur
1099 3691 1147 3772 tl).
1162 3691 1194 3753 L.
1210 3691 1249 3769 X,
1265 3692 1302 3754 2:
1319 3693 1476 3773 ἐφάψασθαί

403 3821 434 3860 τε
448 3800 613 3880 φιλοσοφίας
627 3799 709 3872 αὐτός
724 3821 806 3879 φησιν
821 3800 870 3877 ἔτη
885 3801 1012 3879 γεγονὼς
1025 3803 1146 3882 τέτταρα
1160 3799 1208 3860 καί
1223 3800 1306 3880 hexam
1329 3797 1368 3875 X,
1386 3798 1421 3860 7:
1444 3798 1476 3861 In

404 3905 533 3986 epistola
554 3906 688 3985 quadarn
708 3905 940 3988 Nausiphanem
966 3906 1189 3986 indignabatur
1210 3907 1251 3982 εἰς
1269 3909 1397 3968 ἔκστασιν
1421 3929 1478 3970 τοι·
1547 3889 1550 3896 ’

403 4016 488 4091 αὐτην
505 4011 627 4074 venisse
647 4018 719 4076 ὥστε
740 4037 785 4093 μοι
810 4016 999 4098 λοιδορεῖσθαι
1024 4015 1071 4076 καὶ
1100 4015 1257 4077 ἀποκαλεῖν
1279 4014 1473 4094 διδάσκαλον).

402 4119 482 4194 Quid
500 4126 605 4184 autem
623 4120 767 4185 utilitatis
784 4121 937 4202 Epicurus
952 4129 983 4184 et
1001 4122 1209 4185 Hermarchus
1225 4128 1420 4202 capesserent
1437 4140 1475 4185 ex

404 4243 441 4290 eo
464 4227 548 4306 quod
569 4225 765 4292 affirmabant
788 4230 850 4291 οὐδὲ
873 4233 1032 4293 Λεύκιππόν
1054 4253 1116 4292 τινα
1133 4234 1303 4311 γεγενῆσθαι
1325 4234 1475 4314 φιλόσοφον

405 4334 454 4414 (ll.
471 4334 506 4397 L.
521 4335 561 4415 x,
579 4335 641 4415 13),
661 4335 702 4399 ita
722 4342 757 4399 nt
774 4334 970 4400 Democritus
987 4343 1018 4399 et
1036 4337 1101 4418 ipse
1120 4339 1359 4415 αὐτοδιδασκκλσς
1373 4339 1474 4416 haret,

402 4459 466 4506 non
490 4442 636 4523 equidem
656 4443 761 4507 rideo.
782 4442 929 4517 Quaedam
951 4445 988 4508 de
1011 4443 1186 4509 Stoicorum
1208 4445 1308 4508 initiis
1327 4445 1421 4509 etiam
1443 4445 1475 4508 in

403 4549 543 4632 epistolis
554 4550 681 4633 Epicuri
696 4551 881 4632 legebantur
894 4552 944 4634 (l).
961 4552 995 4614 L.
1011 4552 1074 4630 llll,
1089 4553 1133 4635 a).
