3622 5708
905 625 943 636 ..
965 589 1004 652 64
1025 626 1062 640 ..

398 732 432 791 ut
458 725 596 803 videtur,
624 723 814 787 dedicatum.
841 721 951 786 Eidem
980 722 1059 786 libro
1087 725 1225 803 ejusdem
1250 727 1354 806 operis
1378 726 1446 789 sine
1470 727 1567 792 dubio

397 834 559 900 reserenda
581 839 622 896 est
647 831 741 896 altera
763 830 935 894 Philodemi
958 831 1076 895 mentio
1099 833 1147 912 (X,
1172 834 1242 914 Eb);
1265 841 1397 913 utraque
1422 834 1506 899 enim
1530 835 1569 899 de

397 938 558 1020 discipulis
572 937 698 1019 Epicuri
715 935 860 1000 efficitur.

434 1047 544 1110 Eidem
569 1061 693 1126 quoque
723 1043 807 1124 operi
836 1033 981 1106 videlicet
1006 1044 1198 1110 'vindicanda
1225 1055 1299 1110 sunt
1326 1047 1566 1112 herculanensis

395 1158 565 1236 fragmenta
605 1154 667 1216 duo
699 1153 746 1215 de
786 1151 1034 1215 successionibus
1073 1169 1169 1232 quum
1206 1155 1465 1218 Academicorum
1502 1161 1566 1218 tum

396 1265 582 1338 Stoicorum,
604 1276 738 1340 quorum
763 1258 839 1321 illud
868 1259 1052 1339 Spengelius
1071 1268 1099 1323 rt
1121 1260 1342 1342 Buechelerus,
1361 1261 1420 1325 hoc
1439 1263 1567 1343 Compa-

395 1371 505 1435 rettius
525 1365 755 1434 accuratissime
775 1366 953 1430 ediderunt.
975 1367 1069 1431 Tituli
1089 1348 1168 1430 sane
1185 1385 1255 1432 cum
1281 1368 1416 1434 auctoris
1439 1368 1566 1434 nomine

395 1479 572 1561 perieruut3
598 1476 672 1540 iude
698 1475 731 1537 bt
755 1481 790 1538 nt
811 1474 1005 1538 Nietzschius
1028 1475 1100 1554 (lib.
1123 1476 1177 1554 lt,
1203 1476 1291 1554 1869,
1315 1493 1345 1556 p.
1368 1476 1565 1558 admissuri
1620 1461 1623 1467 Δ

395 1588 472 1650 duos
492 1585 547 1648 hos
565 1583 663 1647 libros
680 1583 821 1646 tribuere
839 1582 988 1662 potnerit,
1004 1581 1164 1663 scriptoris
1179 1599 1275 1663 quum
1291 1583 1412 1648 videret
1425 1585 1562 1648 animum
1655 1605 1658 1610 ¹

393 1691 555 1775 Epicureis
589 1690 753 1766 iniestum3
789 1690 842 1752 sed
878 1689 1088 1753 Buechelerus
1117 1690 1161 1772 (p.
1191 1692 1243 1772 22)
1274 1692 1355 1755 hanc
1384 1691 1565 1774 opinionem

394 1818 506 1866 vanam
525 1817 592 1864 esse
612 1798 847 1863 demonstravit.
867 1797 935 1861 lam
955 1797 993 1861 de
1012 1797 1188 1861 Alexandro
1208 1798 1399 1878 Polyhistore
1414 1799 1563 1880 suspicari

393 1909 517 1986 liceret3
548 1909 614 1986 sed,
644 1915 680 1970 ut
712 1906 744 1968 in
774 1907 840 1985 ejus
872 1905 1053 1984 fragmentis
1087 1905 1166 1968 nihil
1203 1923 1328 1987 prorsus
1356 1905 1498 1970 dissentit
1526 1909 1563 1971 ab

394 2013 611 2080 herculanensi
641 2014 805 2095 scriptura,
832 2011 873 2076 ita
900 2012 1128 2076 nihil·disertis
1152 2013 1256 2076 verbis
1282 2015 1447 2078 consentit.
1475 2013 1565 2078 Gom·

393 2123 542 2205 parettius
561 2129 674 2204 ,autem
704 2122 753 2203 (p.
780 2121 901 2201 atrei)
930 2137 1004 2184 vero
1033 2121 1228 2185 simillimum
1256 2138 1322 2186 esse
1352 2125 1407 2187 has
1435 2123 1563 2204 paginas

392 2233 573 2296 Philodemo
609 2247 674 2294 esse
707 2228 939 2306 adscribendas,
974 2246 1092 2309 nosque
1129 2237 1247 2307 tenere,
1284 2229 1405 2294 lacunis
1438 2232 1562 2311 quidem

391 2338 504 2402 misere
522 2338 662 2416 loedatos,
679 2337 757 2399 duos
770 2335 867 2398 libros
878 2334 984 2416 'operis
1000 2352 1016 2399 a
1034 2334 1157 2400 Laertio
1173 2336 1211 2398 de
1227 2335 1385 2416 prioribus
1400 2337 1562 2417 Epicureis

392 2445 520 2526 laudati,
549 2444 668 2524 liquide
697 2443 891 2508 monstravit.
920 2442 1123 2524 Temporibus
1153 2442 1324 2522 Ciceronis,
1351 2443 1381 2506 id
1410 2450 1456 2506 est
1480 2445 1562 2510 circa

394 2571 493 2618 annos
515 2552 615 2626 80-u3,
632 2551 773 2615 floruisse
796 2553 915 2614 constat
933 2551 1163 2629 Philodamum,
1178 2551 1298 2614 Jasonis
1316 2551 1380 2614 iere
1395 2552 1561 2631 aequalem,

391 2660 567 2725 Alexandro
586 2659 776 2739 Polyhistore
798 2658 898 2738 (cujus
917 2657 1042 2738 quidem
1058 2658 1130 2720 vitae
1144 2658 1240 2721 finem
1254 2664 1337 2721 certo
1352 2659 1482 2722 delinire
1498 2677 1561 2723 non

391 2766 567 2850 possumus)
586 2772 675 2830 aetate
693 2765 786 2847 paulo
802 2764 971 2828 minorem.
987 2765 1080 2844 Atqui
1096 2781 1194 2845 usque
1210 2764 1249 2828 ad
1261 2765 1424 2840 ,Ciceronis
1440 2772 1561 2849 tempus

390 2874 590 2938 Academicos
606 2880 636 2935 et
651 2873 770 2944 Stoicos
784 2871 927 2952 perducit
942 2870 1177 2935 herculanensis
1192 2871 1334 2955 scriptor.

406 2981 574 3046 ·Ceterum
595 2983 758 3064 ἀναγραφάς
775 2978 878 3060 potius
897 2987 951 3043 aut
971 2983 1091 3055 πίνακας
1110 2980 1368 3062 pbilosophorum
1388 2983 1560 3046 secundum

390 3091 531 3155 ordinem
567 3096 742 3170 temporum
777 3087 955 3169 perscripsit
989 3105 1081 3168 quarn
1117 3091 1251 3170 διαδοχάς
1285 3090 1471 3171 composuit,
1509 3089 1560 3154 vel

390 3197 583 3262 obscuriores
597 3202 628 3258 et
642 3194 710 3258 sine
725 3194 887 3276 discipulis
902 3192 1104 3274 philosophos
1118 3209 1295 3270 recensens,
1312 3196 1560 3270 narratiunculas

388 3306 545 3368 interdum
565 3302 689 3382 aliaque
709 3301 813 3366 brevia
832 3301 1022 3364 deverticula
1047 3303 1212 3365 nominum
1235 3302 1374 3366 inserens
1396 3319 1559 3370 enumera·

389 3413 479 3492 tioni,
501 3410 648 3494 propositi
671 3419 773 3474 tamen
792 3410 865 3473 satis
880 3416 983 3473 tenax.
1000 3409 1162 3484 Quorrrodo
1182 3410 1299 3491 priscos
1314 3418 1386 3476 ante
1402 3412 1559 3478 Socratem

387 3520 599 3601 philosophos,
618 3518 746 3582 arduam
767 3517 906 3580 materiae
920 3534 1014 3598 quam
1028 3523 1206 3600 susceperat
1220 3524 1352 3599 partem,
1368 3520 1558 3600 tractaverit,

386 3628 575 3708 ignoramus.
613 3627 788 3690 Stoicorum
823 3630 852 3688 et
888 3623 1145 3688 Academicorum
1181 3627 1344 3709 ἀναγραφήν
1382 3627 1558 3691 describere

386 3734 515 3799 minime
539 3733 674 3797 difficilis
703 3748 795 3813 opera
820 3737 901 3805 erat;
930 3731 963 3793 iu
989 3748 1049 3812 qua
1074 3731 1185 3795 iisdem
1213 3733 1276 3795 iere
1301 3732 1439 3798 fontibus
1464 3739 1558 3814 atque

386 3843 543 3907 laertium
566 3858 638 3905 eum
659 3855 751 3904 usum
775 3856 853 3918 esse,
876 3855 946 3902 raro
972 3846 1073 3902 tamen
1102 3839 1278 3920 declaratis,
1300 3840 1383 3904 bene
1410 3840 1560 3905 viderunt

386 3948 596 4013 Buechelerus
615 3953 646 4010 et
665 3944 861 4009 Nietzschius
881 3944 952 4024 (loc.
971 3945 1055 4023 cit.);
1071 3945 1255 4038 Spengelius
1270 3952 1373 4010 autem
1388 3954 1558 4029 erraverat,

386 4059 437 4138 qui
466 4058 580 4121 iontem
606 4052 721 4119 Laertii
746 4053 930 4134 primarium
954 4053 1014 4138 sibi
1042 4053 1194 4116 detexisse
1221 4053 1397 4120 videbatur.
1429 4055 1558 4135 Contra,

386 4184 457 4230 cum
495 4162 703 4246 Comparettio
741 4161 901 4225 latendum
941 4169 986 4225 est
1026 4161 1117 4225 illum
1160 4179 1346 4227 consensum
1383 4162 1482 4243 magis
1524 4163 1556 4226 in
1641 4160 1643 4164 ’

384 4272 640 4337 Academicorum
656 4285 749 4350 quam
764 4269 796 4331 in
813 4269 989 4333 Stoicorum
1005 4270 1143 4350 catalogo
1159 4287 1307 4351 apparere
1323 4270 1366 4352 (v.
1384 4269 1489 4350 intra).

424 4382 467 4444 De
500 4379 661 4459 discipulis
696 4377 792 4459 ipsius
822 4376 948 4458 Epicuri
982 4384 1014 4441 et
1041 4379 1079 4442 de
1106 4379 1303 4444 successione
1330 4377 1555 4460 Epicureorum

384 4488 525 4552 laertius
547 4487 579 4549 in
601 4486 681 4550 libro
702 4486 728 4548 ll
749 4485 823 4564 egit,
844 4483 936 4548 solito
957 4485 1166 4565 negligentius
1187 4485 1281 4549 etiam
1304 4491 1396 4564 atque
1411 4484 1554 4564 ignavius

383 4598 412 4679 (ἓ
431 4597 461 4676 3,
482 4595 554 4660 dein
575 4595 590 4676 ξ
611 4594 714 4672 ‘aa-026,
735 4594 788 4656 sed
809 4593 944 4675 exceptis
963 4593 1143 4658 Hermarchi
1166 4601 1196 4657 et
1216 4592 1382 4657 lletrodori
1402 4593 1554 4657 librorum

383 4704 540 4769 indicibus
554 4702 685 4783 aliisque
699 4700 913 4783 deuerticulis)
922 4721 930 4777 ;
943 4718 1005 4781 quo
1021 4702 1060 4765 de
1075 4709 1258 4782 argumento
1274 4700 1489 4766 Philodernum
1505 4699 1554 4764 his

382 4811 501 4893 citarit,
516 4809 638 4876 nullum
662 4809 757 4874 alium
777 4808 907 4891 protulit
921 4814 1091 4876 auctorem.
1106 4810 1178 4874 Ideo
1194 4808 1334 4892 suspicor
1349 4807 1413 4874 illis
1427 4808 1460 4875 iu
1476 4805 1554 4876 locis
