3622 5708
757 604 916 667 -71-

295 737 449 802 Pinarius
467 738 496 800 ἐν
514 746 554 820 τῷ
573 737 635 820 περ)
653 745 708 802 τῶν
728 741 860 822 αἱρέσεων
881 736 977 802 semel
992 739 1030 802 de
1046 739 1287 819 Cyrenaicorum
1300 737 1423 819 placitis

255 845 399 912 laudatur
418 847 465 928 (ii,
481 847 544 930 87).
565 849 611 911 Ex
631 846 692 912 alio
711 849 849 928 proiecto
871 863 964 929 opere
985 846 1112 912 Panaetii
1133 847 1171 911 de
1192 844 1338 926 genuinis
1358 845 1423 911 sive

144 1031 147 1035 ι
256 953 369 1036 spuriis
384 954 611 1020 Socraticorum
626 955 756 1036 dialogis
771 955 935 1038 opiniones
950 962 980 1020 et
995 955 1055 1020 elia
1071 955 1221 1036 ejusmodi
1237 954 1424 1038 κρισικώσασσ

256 1061 398 1126 Laertius
413 1063 574 1144 excerpsit.

296 1171 454 1233 Manatum
469 1172 498 1233 ἐν
512 1179 552 1252 τῷ
566 1173 685 1255 δευτέρῳ
700 1169 1133 1255 περὶδσξῶν,01011101111’11119
1148 1173 1177 1233 ἐν
1191 1179 1231 1252 τῷ
1246 1169 1348 1255 πρώτῳ
1363 1169 1424 1253 περὶ

258 1279 401 1359 αἱρέσεων,
416 1293 478 1341 una
492 1278 587 1341 semel
602 1277 771 1344 laudantur
785 1279 824 1342 do
839 1278 1080 1358 Cyrenaicorum
1094 1279 1235 1343 doctrina
1252 1275 1300 1359 (11,
1314 1279 1378 1360 91).

298 1389 468 1452 Tuuouonus
492 1391 584 1470 ἐντῷ
608 1390 671 1475 περὶ
696 1393 829 1474 αἱρέσεων
854 1389 1045 1472 Aristippum
1074 1389 1224 1454 conviciis
1252 1390 1427 1471 exagitabat

259 1494 307 1574 (11,
322 1495 390 1572 65);
410 1497 526 1561 stoicus
545 1495 692 1560 uidelicet
711 1496 788 1561 iile:
810 1512 922 1578 nempe
940 1504 1004 1561 tres
1022 1497 1177 1563 Theodori
1196 1496 1285 1562 stoici
1306 1489 1425 1580 abipso

258 1601 382 1666 Laertio
397 1610 600 1668 recensentur
614 1605 661 1684 (ii,
678 1603 760 1686 101).

300 1709 412 1774 Contra
437 1711 609 1792 Epicureus
632 1717 698 1776 erat
723 1713 926 1776 Aronuouonus
950 1711 1150 1776 Atheniensis
1175 1711 1429 1794 (cognominibus

259 1815 403 1898 Ephillus
432 1824 463 1881 et
486 1816 792 1900 Cepotytanntls)(¹),
816 1818 869 1899 qui
894 1821 921 1882 ἐν
947 1832 982 1906 τῇ
1008 1832 1158 1906 συναγωγῇ
1185 1828 1240 1883 τῶν
1265 1821 1427 1900 δογμάτων,

260 1923 467 2007 Chrysippum
487 1927 669 2006 premendo,
691 1925 863 2009 Epicurum
884 1925 1052 1991 extollebat
1073 1927 1147 2006 (Vii,
1173 1927 1253 2008 181).
1276 1926 1378 2003 idem,
1400 1929 1428 1990 ἐν

261 2041 301 2114 τῷ
315 2032 378 2117 περὶ
392 2042 445 2097 τῶν
460 2035 618 2116 ριλσσόρων
634 2036 779 2117 αἱρέσεων,
793 2033 916 2098 Solonis
926 2034 1096 2099 sententias
1111 2034 1352 2116 congesseram,
1364 2033 1429 2118 60),

260 2139 411 2204 torsanet
425 2139 558 2205 aliorum
572 2140 766 2222 sapientium
783 2142 826 2222 (v.
842 2142 955 2221 Nietz.‚
971 2142 1030 2206 nu.
1046 2143 1100 2221 11,,
1119 2142 1208 2222 1869,
1222 2161 1253 2224 p.
1272 2142 1425 2224 tae-200).

262 2246 400 2311 -ldem
417 2247 451 2310 in
469 2247 589 2312 incerto
609 2247 689 2314 libro
711 2248 903 2331 Leucippum
926 2249 1094 2314 Democriti
1118 2250 1301 2331 magistrum
1324 2250 1429 2330 inisse,

227 2407 229 2414 Α
264 2360 370 2418 contra
391 2353 518 2436 Epicuri
539 2354 636 2438 ipsius
657 2355 844 2422 sententiam
867 2355 913 2435 (v.
935 2373 1026 2438 supra
1051 2374 1117 2438 cap.
1144 2358 1180 2436 11,
1206 2376 1237 2440 p.
1263 2358 1324 2437 19),
1351 2374 1431 2422 asse-

264 2469 370 2526 ruerat
383 2461 434 2542 (X,
454 2463 514 2544 13).

758 2994 881 3060 CAPUT
904 2996 942 3059 111

547 3221 598 3278 Do
617 3219 753 3278 catoris
772 3219 911 3278 Leontii
931 3218 1154 3289 auctoribus.

309 3438 414 3500 Restat
427 3442 462 3499 ut
473 3433 664 3500 eeteros'seri
668 3442 770 3518 ptores
786 3451 1014 3516 recenseamus,
1025 3435 1191 3517 plerosque
1205 3435 1395 3501 recentiores
1407 3444 1437 3502 et

270 3543 411 3608 minimas
425 3543 628 3630 auctoritatis,
639 3544 693 3624 qui
708 3545 790 3624 apud
803 3543 962 3608 Laertium
975 3543 1012 3606 de
1026 3543 1273 3608 successionibus
1289 3543 1436 3610 citantur.

273 3654 356 3718 hiera
387 3654 451 3732 jam
485 3653 559 3718 satis
592 3652 651 3715 erit
678 3652 926 3730 nomenclatura,
953 3650 1044 3714 brevi
1071 3650 1230 3715 interdum
1256 3651 1439 3733 interposito

274 3760 497 3825 commentario
506 3782 515 3838 ;
531 3760 702 3842 prasertim
716 3775 813 3840 quoru
829 3775 957 3841 operum
973 3775 1043 3838 quae
1053 3758 1117 3837 jam
1133 3757 1312 3823 citabuntur
1325 3777 1439 3842 propo-

273 3868 369 3933 situm
392 3867 461 3950 plus
481 3868 586 3932 minus
607 3885 624 3932 a
648 3866 898 3932 successionibus
924 3867 1117 3946 abhorreret,
1143 3866 1354 3931 successiones
1375 3886 1439 3933 oon

275 3975 495 4040 nisicasuaut
516 3975 704 4040 intransitu
727 3974 759 4037 in
785 3975 830 4036 eis
852 3980 1069 4039 tractarentur.
1093 3975 1132 4038 Ut
1155 3975 1239 4038 enim
1263 3982 1294 4038 et
1317 3975 1390 4039 vitae
1411 3982 1442 4039 et

275 4083 386 4166 placita
401 4085 436 4148 in
452 4083 540 4146 libris
555 4085 691 4165 bestoppet
706 4081 864 4162 inscriptis
877 4080 947 4161 pius
961 4081 1065 4144 minus
1080 4078 1326 4164 explicabantur,
1342 4082 1384 4147 ita
1401 4085 1439 4148 de

277 4190 523 4256 successionibus
537 4189 696 4254 intertium
709 4207 761 4252 res
776 4194 842 4254 erat
856 4188 888 4252 iu
910 4187 999 4252 libris
1014 4195 1068 4252 aut
1086 4188 1185 4268 magis
1202 4189 1441 4271 philosophicis,

278 4307 313 4366 ut
333 4299 382 4363 illi
403 4299 457 4380 qui
479 4298 546 4382 ssepi
569 4301 702 4383 αἱρέσεων
724 4296 865 4378 inscripti
886 4302 986 4376 erant,
1009 4295 1201 4374 autminus,
1226 4296 1289 4360 imo
1313 4297 1445 4362 minime

279 4405 516 4490 philosophicis
531 4413 566 4469 ut
586 4405 634 4467 iili
654 4403 708 4485 qui
731 4403 859 4468 titulum
880 4403 946 4467 siue
965 4405 1025 4466 Btor
1045 4405 1093 4484 (ut
1112 4403 1263 4467 Neanthis
1282 4410 1313 4466 et
1333 4405 1444 4486 Satyri,

280 4516 319 4579 dc
333 4514 447 4595 quibus
461 4512 702 4596 supra'egimns)
718 4513 785 4576 sive
798 4511 896 4577 alium
911 4511 1052 4592 quemvis
1067 4511 1239 4588 habehant3
1260 4528 1329 4591 qnae
1344 4519 1446 4577 tamen
1544 4513 1554 4538 ⁸

312 4695 341 4758 (¹)
353 4696 387 4746 110
406 4694 503 4744 dnobus
521 4689 675 4756 Apollodoris
691 4689 896 4760 Atheniensibus,
914 4691 992 4760 altero
1011 4689 1142 4753 Epicureo,
1164 4691 1242 4741 altero
1267 4689 1446 4743 chronicorum

282 4775 412 4838 scriptore,
433 4773 491 4824 ride
510 4771 692 4833 Nietzschium,
713 4773 758 4823 hh.
786 4773 826 4832 11,,
854 4773 925 4838 1869,
947 4783 972 4833 p.
996 4773 1103 4831 tae-ato,
1127 4785 1174 4822 nec
1199 4785 1249 4822 uon
1269 4771 1448 4836 bahuschinm,

282 4871 307 4920 p.
321 4859 401 4908 19-111.
