3622 5708
742 621 902 686 „gp-

241 763 277 825 in
295 761 410 826 Laertii
432 761 585 842 procemio
604 760 634 842 (3
657 760 685 839 l,
705 761 736 838 2,
759 760 792 837 s,
811 757 896 838 611)
920 755 1099 836 congeriem
1123 757 1286 836 hahemus,
1302 775 1411 822 omnes

241 869 334 932 etiam
350 867 412 932 loci
429 885 466 931 ex
481 867 648 931 Aristotele
663 873 699 929 et·
708 866 774 945 ejus
794 863 967 946 discipulis,
989 879 1047 927 nec
1067 879 1133 926 non
1157 881 1194 926 ex
1218 865 1411 932 Hermodoro

242 975 413 1056 Platonico,
449 975 637 1055 Aristagora,
674 976 830 1052 Hecataeo,
859 972 1060 1050 Manethone,
1089 969 1171 1049 aliis,
1201 989 1279 1052 quos
1305 991 1413 1038 omnes

243 1083 370 1147 Sotione
391 1083 512 1166 priores
534 1082 676 1146 Laertius
691 1080 735 1145 ihi
758 1087 848 1144 testes
869 1078 1026 1144 excitavit.
1049 1078 1228 1142 Verisimile
1253 1089 1299 1143 est
1323 1082 1414 1146 nohis

242 1190 293 1254 hic
308 1191 341 1254 in
356 1209 452 1255 manu
467 1207 532 1254 esse
546 1189 645 1254 multa
666 1190 809 1270 quaedam
824 1194 854 1251 et
870 1188 1002 1270 amplae
1017 1187 1116 1269 prima
1132 1195 1218 1268 parte
1232 1189 1324 1269 primi
1340 1190 1413 1254 libri

244 1298 381 1363 Sotionis
394 1306 553 1380 excerpta,
568 1298 601 1361 id
621 1303 667 1362 est
686 1316 726 1360 ex
748 1297 815 1376 ejus
834 1298 1027 1378 εἰσαγωγικῷ.
1050 1297 1161 1360 Fateor
1181 1297 1295 1362 laertii
1314 1316 1414 1379 prooe-

244 1405 344 1471 mium
369 1406 616 1471 coniutationem
636 1421 761 1486 quoque
781 1404 898 1467 hahere
917 1403 1011 1482 huJ'us
1032 1402 1201 1483 Sotioneae,
1223 1412 1258 1468 ut
1278 1405 1413 1485 videtur,

246 1513 420 1596 opinionis3
434 1513 518 1577 *inde
539 1518 624 1595 patet
638 1516 782 1594 excerpta
797 1510 935 1574 Sotionis
950 1510 1044 1575 simul
1061 1528 1132 1574 cum
1148 1512 1363 1577 contutatione
1377 1531 1416 1577 eu

246 1621 356 1685 eodem
380 1627 508 1685 auctore
528 1620 567 1685 ad
593 1619 751 1683 Laertium
774 1617 886 1682 tradita
907 1634 984 1682 esse.
1006 1617 1092 1692 Quod
1112 1626 1252 1701 superest
1270 1621 1415 1701 prooemii

248 1729 275 1810 (S
289 1728 391 1804 11-11)
406 1728 565 1792 oSotione
576 1726 616 1791 ad
626 1725 786 1790 Laertium
798 1726 909 1789 eodem
918 1725 1012 1789 modo
1025 1725 1200 1791 derivatum
1212 1744 1291 1808 esse,
1303 1728 1416 1793 additis

246 1843 300 1901 aut
313 1837 439 1900 mutatis
453 1835 651 1916 quibusdam,
668 1832 851 1914 interposito
864 1833 1000 1897 maxime
1015 1834 1182 1915 Hippohoti
1199 1835 1266 1919 Περὶ
1281 1837 1415 1921 αἱρέσεων

247 1945 319 2009 lihri
334 1944 517 2022 summario,
532 1943 607 2007 licet
626 1943 765 2022 credere,
788 1941 961 2024 prasertim
980 1959 1078 2023 quum
1100 1943 1212 2007 harum
1232 1944 1416 2026 paginarum

247 2070 317 2134 pars
331 2053 487 2135 praecipua
508 2051 650 2116 omnium
666 2051 924 2133 philosophorum
940 2068 1113 2132 grecorum
1134 2054 1269 2134 διαδοχῆς
1286 2070 1418 2117 summa·

248 2161 331 2225 rium
346 2160 397 2240 sit,
413 2161 446 2224 id
461 2167 507 2223 est
521 2160 586 2242 ipsa
601 2159 705 2241 operis
720 2157 877 2223 Laertiani
892 2158 1001 2237 torma,
1015 2175 1085 2239 quae
1095 2158 1235 2239 quidem,
1248 2167 1284 2223 ut
1297 2160 1417 2240 opinati

248 2285 368 2348 sumus,
384 2267 486 2350 operis
499 2268 597 2332 torma
613 2267 672 2331 luit
688 2266 826 2330 Sotionei
842 2265 891 2348 1).

289 2484 334 2546 De
359 2498 420 2562 qua
445 2481 654 2546 similitudine
684 2479 848 2559 utriusque
876 2478 990 2560 operis,
1019 2477 1166 2543 ultimum
1194 2480 1304 2544 aiierre
1328 2481 1420 2547 liceat

250 2596 480 2669 argumentum.

198 2778 200 2783 Ι
289 2697 312 2758 Ε
327 2694 508 2777 fragmentis
519 2713 611 2779 supra
626 2693 761 2760 laudatis
773 2699 900 2776 apparet
914 2693 1075 2757 Sotionem
1086 2693 1199 2758 dixisse
1212 2696 1251 2759 de
1263 2696 1420 2778 Aristippo

252 2803 282 2867 in
299 2805 437 2869 secundo
452 2814 506 2868 τῶν
521 2807 667 2886 Διαδοχῶν
683 2801 777 2882 lihro,
793 2801 826 2864 in
841 2808 951 2881 quarto
972 2809 1076 2867 autem
1096 2803 1134 2866 de
1154 2803 1283 2869 Platone
1308 2813 1363 2869 ant
1382 2807 1421 2870 de

252 2911 359 2991 cynico
378 2912 529 2992 Diogene,
551 2912 583 2975 in
605 2911 736 2992 septimo
761 2910 800 2974 de
825 2910 934 2990 cynico
958 2911 1080 2991 eodem,
1104 2911 1136 2975 in
1164 2918 1272 2978 octavo
1295 2913 1361 2978 sive
1382 2916 1421 2979 de

251 3019 434 3101 Chrysippo,
449 3020 514 3084 sive
531 3021 569 3084 de
591 3018 728 3083 Arcesila
750 3025 781 3082 et
803 3019 935 3099 Lacyde,
961 3019 993 3081 in
1019 3019 1186 3084 undecimo
1212 3022 1251 3086 de
1277 3022 1419 3088 Timone.

253 3126 347 3208 Atqui
364 3127 518 3192 Arcesilas
533 3145 549 3192 a
565 3127 693 3191 Platone
704 3126 824 3207 seJongi
838 3144 903 3190 non
918 3133 1038 3210 poterat
1051 3127 1144 3209 longo
1159 3127 1255 3193 trium
1269 3129 1422 3198 librorum

254 3233 430 3309 intervallo,
459 3251 561 3316 neque
585 3234 712 3315 cynicus
738 3234 890 3315 lliogenes
914 3234 1027 3315 partim
1050 3236 1083 3297 in
1106 3242 1229 3317 quarto,
1252 3240 1421 3319 partimin

252 3342 383 3423 septimo
407 3343 489 3407 libro
511 3343 647 3406 tractari.
671 3342 822 3417 Quartum
845 3342 942 3422 igitur
965 3341 1080 3407 librum
1105 3343 1239 3424 Platoni,
1264 3346 1367 3412 forsan
1392 3357 1423 3413 et

252 3450 454 3525 Academicis,
477 3449 681 3531 assignandus
697 3457 755 3530 est,
775 3457 902 3514 octavos
921 3450 1103 3532 Chrysippo,
1124 3451 1157 3515 id
1175 3458 1221 3516 cst
1235 3453 1359 3520 Stoicis.
1378 3456 1421 3522 lta
1461 3497 1466 3506 ·

254 3565 288 3622 ut
302 3557 392 3622 nobis
406 3558 450 3622 sic
465 3557 608 3622 ordinem
623 3575 685 3639 quo
700 3575 775 3622 usus
789 3565 834 3622 est
845 3558 931 3623 Sotio
946 3559 1064 3640 tingere
1079 3559 1233 3639 possimus
1249 3579 1257 3623 ε

257 3705 259 3712 ,
278 3665 385 3730 liher
407 3665 526 3747 primus
549 3666 737 3747 prooemium
753 3665 934 3730 continebat
952 3667 1137 3747 εἰσαγωγικδν
1159 3668 1198 3730 de
1215 3669 1421 3738 harbarorum

255 3780 327 3838 ante
340 3773 462 3838 Graecos
475 3773 687 3855 philosophia,
704 3773 817 3837 deinde
832 3773 870 3837 de
886 3774 1087 3854 sapientibus
1098 3775 1208 3855 agebat
1220 3782 1251 3840 et
1262 3777 1301 3843 de
1312 3777 1425 3847 inven-

254 3881 373 3945 torihus
387 3881 467 3962 apud
484 3881 607 3945 Grecos
618 3879 843 3962 philosophiam
863 3915 903 3927 -
922 3879 1003 3946 liher
1017 3883 1174 3946 secundus
1194 3885 1232 3948 de
1247 3883 1374 3953 Socrate
1394 3897 1425 3955 et

287 4059 317 4124 (¹)
331 4059 460 4110 ‹Onrnino
479 4075 518 4121 ea,
531 4075 607 4124 quam
626 4058 652 4109 in
671 4059 790 4122 prooemio
810 4058 940 4123 indicavit,
955 4060 1117 4125 philosophice
1136 4062 1225 4114 divisio
1247 4079 1298 4116 non
1318 4079 1375 4120 curn
1394 4085 1424 4122 ea

144 4195 153 4214 ·
255 4141 382 4204 conspirat
398 4155 473 4203 quarn
494 4140 519 4190 in
539 4141 592 4204 ipso
611 4153 686 4202 opere
706 4144 852 4203 persecutus
869 4131 943 4190 est.»
966 4142 1006 4191 Sic
1025 4143 1191 4205 Bahnschius‚
1206 4158 1231 4208 p.
1243 4149 1283 4208 13,
1295 4147 1427 4215 quircpu-
1479 4127 1484 4136 Ι

255 4222 362 4288 guantia
373 4223 487 4284 quaedam
501 4223 594 4272 notavit
605 4219 716 4272 maxime
729 4221 870 4285 perspicua.
884 4221 976 4273 ltirisio
986 4225 1071 4274 lamen
1083 4223 1151 4287 prior
1166 4226 1201 4276 ita
1219 4226 1246 4276 in
1259 4242 1358 4281 summa
1368 4246 1426 4283 cum

256 4305 335 4358 altera
345 4302 464 4365 congruit
475 4307 503 4353 ut
514 4315 556 4352 eas
567 4317 582 4352 a
594 4303 693 4355 duobus
704 4301 849 4354 auctoribus
861 4317 963 4354 manare
975 4303 1079 4354 difficile
1092 4304 1126 4354 sit
1137 4304 1244 4368 opinari.
1257 4307 1427 4364 verisimilius

256 4386 294 4434 est
316 4383 440 4432 laertium
462 4383 611 4446 proaemium
633 4383 771 4435 oscitanter
797 4385 982 4436 describentem
1004 4386 1168 4436 summarium
1191 4390 1301 4441 auctoris
1323 4391 1364 4442 sui
1386 4395 1427 4444 rel

258 4461 425 4526 capitulorum
446 4463 555 4514 indicem
580 4478 609 4513 eo
638 4461 718 4527 ntegie
747 4463 864 4527 imperite
889 4463 1055 4516 coarctavisse
1085 4467 1149 4528 quod
1181 4468 1295 4533 ejusdem
1317 4473 1427 4524 auctoris

256 4544 378 4594 rationem
400 4557 431 4593 nc
452 4557 497 4606 pro
520 4559 565 4594 suo
587 4543 691 4606 quidem
718 4543 821 4609 ingenio
845 4546 987 4609 perspicere
1010 4550 1125 4609 potuerat
1147 4546 1173 4597 in
1193 4550 1364 4604 voluminibus
1385 4553 1427 4604 vix

258 4624 398 4687 replicatis,
410 4627 522 4678 nondum
538 4625 668 4689 perlectis3
681 4640 741 4678 sane
757 4642 772 4678 a
787 4626 920 4692 principio,
932 4628 1030 4678 librarii
1046 4628 1136 4692 instar,
1148 4633 1308 4694 sequentium
1324 4635 1428 4700 ignarus

258 4711 284 4756 et
297 4707 348 4757 lere
362 4706 515 4769 incuriosus,
527 4722 588 4771 opus
607 4721 680 4758 suom
700 4709 812 4759 laertius
827 4709 964 4772 inceperat.
976 4737 1007 4748 -
1018 4712 1218 4788 llepugnantipnr
1230 4714 1297 4766 inter
1308 4719 1348 4770 l¹r.
1362 4720 1390 4767 lt
1402 4721 1428 4768 ct

259 4789 405 4838 Clitomachi
421 4789 496 4838 ritem
513 4791 564 4854 (lv,
580 4793 620 4854 tii)
636 4791 730 4853 optima
746 4791 922 4841 emendatione
940 4793 1214 4846 sustulitllietzschiue
1231 4798 1287 4860 (llh.
1301 4801 1343 4861 tl,
1358 4801 1427 4862 1870,

260 4882 288 4934 p.
300 4872 343 4921 tat
355 4869 423 4935 sqq.)
435 4883 441 4921 ε
453 4869 628 4938 Κλεινόμαχος,
641 4885 692 4921 non
703 4870 872 4938 Κλειτόμαχος
882 4871 1044 4926 dialecticam
1056 4877 1168 4926 scholam
1180 4876 1334 4932 instituerat.
